@article{stair2019multireference,
  title={A Multireference Quantum Krylov Algorithm for Strongly Correlated Electrons},
  author={Stair, Nicholas H and Huang, Renke and Evangelista, Francesco A},
  journal={arXiv e-prints},
  year={2019},
  pages={arXiv:1911.05163 [quant-ph]}
}

%% Jordan-Wigner mapping
@incollection{jordan1993paulische,
  title={{\"u}ber das paulische {\"a}quivalenzverbot},
  author={Jordan, Pascual and Wigner, Eugene Paul},
  booktitle={The Collected Works of Eugene Paul Wigner},
  pages={109--129},
  year={1993},
  publisher={Springer}
}
@article{whitfield2011simulation,
  title={Simulation of electronic structure Hamiltonians using quantum computers},
  author={Whitfield, James D and Biamonte, Jacob and Aspuru-Guzik, Al{\'a}n},
  journal={Mol. Phys.},
  volume={109},
  number={5},
  pages={735--750},
  year={2011},
  publisher={Taylor \& Francis}
}

 %%Hadamard product
@book{horn2012matrix,
  title={Matrix analysis},
  author={Horn, Roger A and Johnson, Charles R},
  year={2012},
  publisher={Cambridge university press}
}

%%projective measurements
@book{rieffel2011quantum,
  title={Quantum computing: A gentle introduction},
  author={Rieffel, Eleanor G and Polak, Wolfgang H},
  year={2011},
  publisher={MIT Press}
}

%%% Origin of quantum computing

@article{Feynman:1982gn,
author = {Feynman, Richard P},
title = {{Simulating physics with computers}},
journal = {Int. J. Theor. Phys.},
year = {1982},
volume = {21},
number = {6-7},
pages = {467--488},
month = jun
}

@article{manin1980computable,
  title={Computable and uncomputable},
  author={Manin, Yuri},
  journal={Sovetskoye Radio, Moscow},
  volume={128},
  year={1980}
}

%% books/chapters
@article{nielsen2009, 
  author = {Nielsen, Michael A and Chuang, Isaac L}, 
  title = {{Quantum Computation and Quantum Information}}, 
  doi = {10.1017/cbo9780511976667.008}, 
  pages = {171-215}, 
  year = {2009}
}

@book{shavitt2009many,
  title={Many-body methods in chemistry and physics: MBPT and coupled-cluster theory},
  author={Shavitt, Isaiah and Bartlett, Rodney J},
  year={2009},
  publisher={Cambridge university press}
}

@book{helgaker2014molecular,
  title={Molecular electronic-structure theory},
  author={Helgaker, Trygve and Jorgensen, Poul and Olsen, Jeppe},
  year={2014},
  publisher={John Wiley \& Sons}
}

@book{ostlund1982modern,
  title={Modern quantum chemistry: introduction to advanced electronic structure theory},
  author={Ostlund, Neil S and Szabo, Attila},
  year={1982},
  publisher={Macmillan}
}


%% problem of strong correlation system
@article{Laughlin:2000br,
author = {Laughlin, R B and Pines, D},
title = {{The theory of everything.}},
journal = {Proc. Nat. Acad. Sci. U.S.A.},
year = {2000},
volume = {97},
number = {1},
pages = {28--31},
month = jan
}



%%%%%%%%%%%%%%%   QPE  %%%%%%%%%%%%%%%%
@article{Abrams:1997ha,
author = {Abrams, Daniel S and Lloyd, Seth},
title = {{Simulation of Many-Body Fermi Systems on a Universal Quantum Computer}},
journal = {Phys. Rev. Lett.},
year = {1997},
volume = {79},
number = {13},
pages = {2586--2589},
month = sep
}

@article{Abrams:1999ur,
author = {Abrams, DS and Lloyd, S},
title = {{Quantum algorithm providing exponential speed increase for finding eigenvalues and eigenvectors}},
journal = {Phys. Rev. Lett.},
year = {1999},
volume = {83},
number = {24},
pages = {5162--5165}
}

@article{ortiz2001quantum,
  title={Quantum algorithms for fermionic simulations},
  author={Ortiz, Gerardo and Gubernatis, James E and Knill, Emanuel and Laflamme, Raymond},
  journal = {Phys. Rev. A},
  volume={64},
  number={2},
  pages={022319},
  year={2001},
  publisher={APS}
}

%%%%%%%%%%%%%%%   QPE  %%%%%%%%%%%%%%%%
%%%%%%%%%%%%%%%   end   %%%%%%%%%%%%%%%%

@article{Barkoutsos:2019wq,
author = {Barkoutsos, Panagiotis Kl and Nannicini, Giacomo and Robert, Anton and Tavernelli, Ivano and Woerner, Stefan},
title = {{Improving Variational Quantum Optimization using CVaR}},
journal = {arXiv e-prints}
pages =  {arXiv:1907.04769 [quant-ph]},
year = {2019}
}

@article{biamonte2008realizable,
  title={{Realizable Hamiltonians for universal adiabatic quantum computers}},
  author={Biamonte, Jacob D and Love, Peter J},
  journal = {Phys. Rev. A},
  volume={78},
  number={1},
  pages={012352},
  year={2008},
  publisher={APS}
}

@article{childs2010quantum,
  title={Quantum algorithms for algebraic problems},
  author={Childs, Andrew M and Van Dam, Wim},
  journal={Rev. Mod. Phys.},
  volume={82},
  number={1},
  pages={1--52},
  year={2010},
  publisher={APS}
}

%%%%%%%%%%%%%%%%%%%%%   analog quantum simulation  %%%%%%%%%%%%%%%%%%%%%%
%%%%%%%%%%%%%%%%%%%%%   analog quantum simulation  %%%%%%%%%%%%%%%%%%%%%%
@article{bernien2017probing,
  title={Probing many-body dynamics on a 51-atom quantum simulator},
  author={Bernien, Hannes and Schwartz, Sylvain and Keesling, Alexander and Levine, Harry and Omran, Ahmed and Pichler, Hannes and Choi, Soonwon and Zibrov, Alexander S and Endres, Manuel and Greiner, Markus and others},
  journal={Nature},
  volume={551},
  number={7682},
  pages={579},
  year={2017},
  publisher={Nature Publishing Group}
}

@article{greiner2002quantum,
  title={Quantum phase transition from a superfluid to a Mott insulator in a gas of ultracold atoms},
  author={Greiner, Markus and Mandel, Olaf and Esslinger, Tilman and H{\"a}nsch, Theodor W and Bloch, Immanuel},
  journal={Nature},
  volume={415},
  number={6867},
  pages={39},
  year={2002},
}

%%%%%%%%%%%%%%%%%%%%%   analog quantum simulation  %%%%%%%%%%%%%%%%%%%%%%
%%%%%%%%%%%%%%%%%%%%%                        end                        %%%%%%%%%%%%%%%%%%%%%%


%%%%%%%%%%%%%%%%%%%%%%%%%   complexity  %%%%%%%%%%%%%%%%%%%%%%%%%%%
%%%%%%%%%%%%%%%%%%%%%%%%%   complexity  %%%%%%%%%%%%%%%%%%%%%%%%%%%
@article{Kempe:2006bj,
author = {Kempe, J and Kitaev, A and Regev, O},
title = {{The complexity of the local Hamiltonian problem}},
journal = {SIAM J. Comput.},
year = {2006},
volume = {35},
number = {5},
pages = {1070--1097}
}

@book{kitaev2002classical,
  title={Classical and quantum computation},
  author={Kitaev, Alexei Yu and Shen, Alexander and Vyalyi, Mikhail N and Vyalyi, Mikhail N},
  number={47},
  year={2002},
  publisher={American Mathematical Soc.}
}

@article{schuch2009computational,
  title={Computational complexity of interacting electrons and fundamental limitations of density functional theory},
  author={Schuch, Norbert and Verstraete, Frank},
  journal={Nat. Phys.},
  volume={5},
  number={10},
  pages={732},
  year={2009},
  publisher={Nature Publishing Group}
}

@article{wocjan2006natural,
    title={Several natural BQP-Complete problems},
    author={Pawel Wocjan and Shengyu Zhang},
    year={2006},
    journal = {arXiv e-prints}
    pages = {arXiv:quant-ph/0606179}
}

@article{whitfield2014computational,
  title={Computational complexity of time-dependent density functional theory},
  author={Whitfield, James D and Yung, MH and Tempel, David Gabriel and Boixo, S and Aspuru-Guzik, Alan},
  journal={New J. Phys.},
  volume={16},
  number={8},
  pages={083035},
  year={2014},
  publisher={IOP Publishing}
}

@article{Bookatz2014,
  title={QMA-complete Problems},
  author={Bookatz, Adam D. },
  journal={Quantum Info. Comput.},
  volume={14},
  pages={361âˆ’-383},
  year={2014},
}

@article{barahona1982computational,
  title={On the computational complexity of Ising spin glass models},
  author={Barahona, Francisco},
  journal={J. Phys. A: Math. Gen.},
  volume={15},
  number={10},
  pages={3241--3253},
  year={1982},
}



%%%%%%%%%%%%%%%%%%%%%%%%%   complexity  %%%%%%%%%%%%%%%%%%%%%%%%%%%
%%%%%%%%%%%%%%%%%%%%%%%%%          end        %%%%%%%%%%%%%%%%%%%%%%%%%%%



%%%%%%%%%%%%%%%%%%%%%%%% from extra.bib %%%%%%%%%%%%%%%%%%%%%%%%%%
%%%%%%%%%%%%%%%%%%%%%%%% from extra.bib %%%%%%%%%%%%%%%%%%%%%%%%%%
%%%%%%%%%%%%%%%%%%%%%%%% from extra.bib %%%%%%%%%%%%%%%%%%%%%%%%%%
%%%%%%%%%%%%%%%%%%%%%%%% from extra.bib %%%%%%%%%%%%%%%%%%%%%%%%%%
%%%%%%%%%%%%%%%%%%%%%%%% from extra.bib %%%%%%%%%%%%%%%%%%%%%%%%%%
%%%%%%%%%%%%%%%%%%%%%%%% from extra.bib %%%%%%%%%%%%%%%%%%%%%%%%%%
@article{sugisaki2019open,
	Author = {Sugisaki, Kenji and Yamamoto, Satoru and Nakazawa, Shigeaki and Toyota, Kazuo and Sato, Kazunobu and Shiomi, Daisuke and Takui, Takeji},
	Date-Added = {2019-11-11 12:07:28 -0500},
	Date-Modified = {2019-11-11 12:07:56 -0500},
	Journal = {Chem. Phys. Lett. X},
	Pages = {100002},
	Publisher = {Elsevier},
	Title = {Open shell electronic state calculations on quantum computers: A quantum circuit for the preparation of configuration state functions based on Serber construction},
	Volume = {1},
	Year = {2019}}

@article{sugisaki2016quantum,
	Author = {Sugisaki, Kenji and Yamamoto, Satoru and Nakazawa, Shigeaki and Toyota, Kazuo and Sato, Kazunobu and Shiomi, Daisuke and Takui, Takeji},
	Date-Added = {2019-11-11 12:05:59 -0500},
	Date-Modified = {2019-11-11 12:06:24 -0500},
	Journal = {J. Phys. Chem. A},
	Number = {32},
	Pages = {6459--6466},
	Publisher = {ACS Publications},
	Title = {Quantum chemistry on quantum computers: A polynomial-time quantum algorithm for constructing the wave functions of open-shell molecules},
	Volume = {120},
	Year = {2016}}
	

%%%%%%%%%%%%%%%%%%%%%%%%  NEW  %%%%%%%%%%%%%%%%%%%%%%%%%%
%%%%%%%%%%%%%%%%%%%%%%%%  NEW  %%%%%%%%%%%%%%%%%%%%%%%%%%
%%%%%%%%%%%%%%%%%%%%%%%%%%%%%%%%%%%%%
%%% I. ordering after trotter
@article{tranter2019ordering,
  title={Ordering of Trotterization: Impact on Errors in Quantum Simulation of Electronic Structure},
  author={Tranter, Andrew and Love, Peter J and Mintert, Florian and Wiebe, Nathan and Coveney, Peter V},
  journal={Entropy},
  volume={21},
  number={12},
  pages={1218},
  year={2019},
  publisher={Multidisciplinary Digital Publishing Institute}
}

%%% I. ordering after trotter
@article{childs2019theory,
  title={A Theory of Trotter Error},
  author={Childs, Andrew M and Su, Yuan and Tran, Minh C and Wiebe, Nathan and Zhu, Shuchen},
  journal = {arXiv e-prints},
  year={2019},
  pages={arXiv:1912.08854 [quant-ph]}
}
%%%%%%%%%%%%%%%%%%%%%%%%%%%%%%%%%

%%% review --> quantum computing stack
@article{alexeev2019quantum,
    title={Quantum Computer Systems for Scientific Discovery},
    author={Yuri Alexeev and Dave Bacon and Kenneth R. Brown and Robert Calderbank and Lincoln D. Carr and Frederic T. Chong and Brian DeMarco and Dirk Englund and Edward Farhi and Bill Fefferman and Alexey V. Gorshkov and Andrew Houck and Jungsang Kim and Shelby Kimmel and Michael Lange and Seth Lloyd and Mikhail D. Lukin and Dmitri Maslov and Peter Maunz and Christopher Monroe and John Preskill and Martin Roetteler and Martin Savage and Jeff Thompson and Umesh Vazirani},
    journal = {arXiv e-prints},
    year={2019},
    pages={arXiv:1912.07577 [quant-ph]}
}


@misc{ Qiskit,
       author = {H{\'e}ctor Abraham and Ismail Yunus Akhalwaya and Gadi Aleksandrowicz and Thomas Alexander and Gadi Alexandrowics and Eli Arbel and Abraham Asfaw and Carlos Azaustre and AzizNgoueya and Panagiotis Barkoutsos and George Barron and Luciano Bello and Yael Ben-Haim and Daniel Bevenius and Lev S. Bishop and Samuel Bosch and David Bucher and CZ and Fran Cabrera and Padraic Calpin and Lauren Capelluto and Jorge Carballo and Gin{\'e}s Carrascal and Adrian Chen and Chun-Fu Chen and Richard Chen and Jerry M. Chow and Christian Claus and Christian Clauss and Abigail J. Cross and Andrew W. Cross and Simon Cross and Juan Cruz-Benito and Cryoris and Chris Culver and Antonio D. C{\'o}rcoles-Gonzales and Sean Dague and Matthieu Dartiailh and DavideFrr and Abd{\'o}n Rodr{\'\i}guez Davila and Delton Ding and Eric Drechsler and Drew and Eugene Dumitrescu and Karel Dumon and Ivan Duran and Eric Eastman and Pieter Eendebak and Daniel Egger and Mark Everitt and Paco Mart{\'\i}n Fern{\'a}ndez and Paco Mart{\'\i}n Fern{\'a}ndez and Axel Hern{\'a}ndez Ferrera and Albert Frisch and Andreas Fuhrer and MELVIN GEORGE and IAN GOULD and Julien Gacon and Gadi and Borja Godoy Gago and Jay M. Gambetta and Luis Garcia and Shelly Garion and Gawel-Kus and Juan Gomez-Mosquera and Salvador de la Puente Gonz{\'a}lez and Donny Greenberg and Dmitry Grinko and Wen Guan and John A. Gunnels and Isabel Haide and Ikko Hamamura and Vojtech Havlicek and Joe Hellmers and {\L}ukasz Herok and Stefan Hillmich and Hiroshi Horii and Connor Howington and Shaohan Hu and Wei Hu and Haruki Imai and Takashi Imamichi and Kazuaki Ishizaki and Raban Iten and Toshinari Itoko and Ali Javadi-Abhari and Jessica and Kiran Johns and Naoki Kanazawa and Kang-Bae and Anton Karazeev and Paul Kassebaum and Knabberjoe and Arseny Kovyrshin and Vivek Krishnan and Kevin Krsulich and Gawel Kus and Ryan LaRose and Rapha{\"e}l Lambert and Joe Latone and Scott Lawrence and Dennis Liu and Peng Liu and Panagiotis Barkoutsos ZRL Mac and Yunho Maeng and Aleksei Malyshev and Jakub Marecek and Manoel Marques and Dolph Mathews and Atsushi Matsuo and Douglas T. McClure and Cameron McGarry and David McKay and Srujan Meesala and Antonio Mezzacapo and Rohit Midha and Zlatko Minev and Michael Duane Mooring and Renier Morales and Niall Moran and Prakash Murali and Jan M{\"u}ggenburg and David Nadlinger and Giacomo Nannicini and Paul Nation and Yehuda Naveh and Nick-Singstock and Pradeep Niroula and Hassi Norlen and Lee James O'Riordan and Oluwatobi Ogunbayo and Pauline Ollitrault and Steven Oud and Dan Padilha and Hanhee Paik and Simone Perriello and Anna Phan and Marco Pistoia and Alejandro Pozas-iKerstjens and Viktor Prutyanov and Daniel Puzzuoli and Jes{\'u}s P{\'e}rez and Quintiii and Rudy Raymond and Rafael Mart{\'\i}n-Cuevas Redondo and Max Reuter and Diego M. Rodr{\'\i}guez and Mingi Ryu and Tharrmashastha SAPV and SamFerracin and Martin Sandberg and Ninad Sathaye and Bruno Schmitt and Chris Schnabel and Travis L. Scholten and Eddie Schoute and Ismael Faro Sertage and Nathan Shammah and Yunong Shi and Adenilton Silva and Yukio Siraichi and Iskandar Sitdikov and Seyon Sivarajah and John A. Smolin and Mathias Soeken and Dominik Steenken and Matt Stypulkoski and Hitomi Takahashi and Charles Taylor and Pete Taylour and Soolu Thomas and Mathieu Tillet and Maddy Tod and Enrique de la Torre and Kenso Trabing and Matthew Treinish and TrishaPe and Wes Turner and Yotam Vaknin and Carmen Recio Valcarce and Francois Varchon and Desiree Vogt-Lee and Christophe Vuillot and James Weaver and Rafal Wieczorek and Jonathan A. Wildstrom and Robert Wille and Erick Winston and Jack J. Woehr and Stefan Woerner and Ryan Woo and Christopher J. Wood and Ryan Wood and Stephen Wood and James Wootton and Daniyar Yeralin and Jessie Yu and Christopher Zachow and Laura Zdanski and Zoufalc and anedumla and azulehner and bcamorrison and brandhsn and chlorophyll-zz and dime10 and drholmie and elfrocampeador and faisaldebouni and fanizzamarco and gruu and kanejess and klinvill and kurarrr and lerongil and ma5x and merav-aharoni and mrossinek and neupat and ordmoj and sethmerkel and strickroman and sumitpuri and tigerjack and toural and willhbang and yang.luh and yotamvakninibm},
       title = {Qiskit: An Open-source Framework for Quantum Computing},
       year = {2019},
       doi = {10.5281/zenodo.2562110}
}

@article{farhi2001quantum,
  title={A quantum adiabatic evolution algorithm applied to random instances of an NP-complete problem},
  author={Farhi, Edward and Goldstone, Jeffrey and Gutmann, Sam and Lapan, Joshua and Lundgren, Andrew and Preda, Daniel},
  journal={Science},
  volume={292},
  number={5516},
  pages={472--475},
  year={2001},
  publisher={American Association for the Advancement of Science}
}

%%% UCC in classical computational chem
@article{kutzelnigg1991error,
  title={Error analysis and improvements of coupled-cluster theory},
  author={Kutzelnigg, Werner},
  journal={Theor. Chim. Acta},
  volume={80},
  number={4-5},
  pages={349--386},
  year={1991},
  publisher={Springer}
}

@article{bartlett1989alternative,
  title={Alternative coupled-cluster ans{\"a}tze II. The unitary coupled-cluster method},
  author={Bartlett, Rodney J and Kucharski, Stanislaw A and Noga, Jozef},
  journal={Chem. Phys. Lett.},
  volume={155},
  number={1},
  pages={133--140},
  year={1989},
  publisher={Elsevier}
}
%%%%%%%%%%%%%

%%% NOCI
@article{thom2009hartree,
  title={Hartree--Fock solutions as a quasidiabatic basis for nonorthogonal configuration interaction},
  author={Thom, Alex JW and Head-Gordon, Martin},
  journal={J. Chem. Phys.},
  volume={131},
  number={12},
  pages={124113},
  year={2009},
  publisher={American Institute of Physics}
}

@article{sundstrom2014non,
  title={Non-orthogonal configuration interaction for the calculation of multielectron excited states},
  author={Sundstrom, Eric J and Head-Gordon, Martin},
  journal={J. Chem. Phys.},
  volume={140},
  number={11},
  pages={114103},
  year={2014},
  publisher={American Institute of Physics}
}

%%% Hadamard test paper
@article{aharonov2009polynomial,
  title={A polynomial quantum algorithm for approximating the Jones polynomial},
  author={Aharonov, Dorit and Jones, Vaughan and Landau, Zeph},
  journal={Algorithmica},
  volume={55},
  number={3},
  pages={395--421},
  year={2009},
  publisher={Springer}
}
