%% Created using Papers on Fri, 31 Jan 2020.
%% http://papersapp.com/papers/

@article{Subramanian:2019ex,
author = {Subramanian, Sathyawageeswar and Brierley, Stephen and Jozsa, Richard},
title = {{Implementing smooth functions of a Hermitian matrix on a quantum computer}},
journal = {J. Phys. Commun.},
year = {2019},
volume = {3},
number = {6},
pages = {065002},
month = jun
}

@article{Low:2019vz,
author = {Low, Guang Hao and Bauman, Nicholas P and Granade, Christopher E and Peng, Bo and Wiebe, Nathan and Bylaska, Eric J and Wecker, Dave and Krishnamoorthy, Sriram and Roetteler, Martin and Kowalski, Karol and Troyer, Matthias and Baker, Nathan A},
title = {{Q{\#} and NWChem: Tools for Scalable Quantum Chemistry on Quantum Computers}},
journal = {arXiv e-prints},
year = {2019},
pages = {arXiv:1904.01131 [quant--ph]},
month = apr
}

@article{Hyatt:2019vl,
author = {Hyatt, Katharine and Stoudenmire, E. Miles},
title = {{DMRG Approach to Optimizing Two-Dimensional Tensor Networks}},
journal = {arXiv},
year = {2019},
eprint = {1908.08833v1},
eprinttype = {arxiv},
eprintclass = {cond-mat.str-el},
month = aug
}

@article{Somma:2003jz,
author = {Somma, Rolando D and Ortiz, Gerardo and Knill, Emanuel and Gubernatis, James E},
title = {{Quantum Simulations of Physics Problems}},
journal = {Int. J. Quantum Inf.},
year = {2003},
volume = {1},
pages = {189--206},
annote = {rtotes Ref3:
  - circuit to get expectation of unitary operators
}
}

@article{Kempe:2006bj,
author = {Kempe, J and Kitaev, A and Regev, O},
title = {{The complexity of the local Hamiltonian problem}},
journal = {SIAM J. Comput.},
year = {2006},
volume = {35},
number = {5},
pages = {1070--1097}
}

@article{Suzuki:1991fz,
author = {Suzuki, Masuo},
title = {{General theory of fractal path integrals with applications to many-body theories and statistical physics}},
journal = {J. Math. Phys.},
year = {1991},
volume = {32},
number = {2},
pages = {400--407},
month = feb
}

@article{Bartlett:2007kv,
author = {Bartlett, Rodney J and Musia{\l}, Monika},
title = {{Coupled-cluster theory in quantum chemistry}},
journal = {Rev. Mod. Phys.},
year = {2007},
volume = {79},
number = {1},
pages = {291--352},
month = feb
}

@article{Romero:2019hk,
author = {Romero, Jonathan and Babbush, Ryan and McClean, Jarrod R and Hempel, Cornelius and Love, Peter J and Aspuru-Guzik, Alan},
title = {{Strategies for quantum computing molecular energies using the unitary coupled cluster ansatz}},
journal = {Quantum Sci. Technol.},
year = {2019},
volume = {4},
number = {1},
pages = {014008--23},
month = jan
}

@article{Wecker:2015kd,
author = {Wecker, Dave and Hastings, Matthew B and Wiebe, Nathan and Clark, Bryan K and Nayak, Chetan and Troyer, Matthias},
title = {{Solving strongly correlated electron models on a quantum computer}},
journal = {Phys. Rev. A},
year = {2015},
volume = {92},
number = {6},
pages = {1--24},
month = dec,
annote = {show the circuit for hooping terms similar to a_i^ a_j + a_j^ a_i}
}

@article{Herasymenko:2019uw,
author = {Herasymenko, Y and O'Brien, Thomas E},
title = {{A diagrammatic approach to variational quantum ansatz construction}},
journal = {arXiv e-prints},
year = {2019},
pages = {arXiv:1907.08157 [quant--ph]},
month = jul
}

@article{Wouters:2014bz,
author = {Wouters, Sebastian and Van Neck, Dimitri},
title = {{The density matrix renormalization group for ab initio quantum chemistry}},
journal = {Eur. Phys. J. D},
year = {2014},
volume = {68},
number = {9},
pages = {272},
month = sep
}

@article{Holland:2019vu,
author = {Holland, Eric T and Wendt, Kyle A and Kravvaris, Konstantinos and Wu, Xian and Ormand, W Erich and DuBois, Jonathan L and Quaglioni, Sofia and Pederiva, Francesco},
title = {{Optimal Control for the Quantum Simulation of Nuclear Dynamics}},
journal = {arXiv e-prints},
year = {2019},
pages = {arXiv:1908.08222 [quant--ph]},
month = aug
}

@article{Nachman:2019wz,
author = {Nachman, Benjamin and Urbanek, Miroslav and de Jong, Wibe A and Bauer, Christian W},
title = {{Unfolding Quantum Computer Readout Noise}},
journal = {arXiv e-prints},
year = {2019},
pages = {arXiv:1910.01969 [quant--ph]},
month = oct,
annote = {10 pages, 13 figures}
}

@article{Babbush:2018ee,
author = {Babbush, Ryan and Wiebe, Nathan and McClean, Jarrod and McClain, James and Neven, Hartmut and Chan, Garnet Kin-Lic},
title = {{Low-Depth Quantum Simulation of Materials}},
journal = {Phys. Rev. X},
year = {2018},
volume = {8},
number = {1},
pages = {011044},
month = mar
}

@article{Cao:2019jn,
author = {Cao, Yudong and Romero, Jonathan and Olson, Jonathan P and Degroote, Matthias and Johnson, Peter D and Kieferov{\'a}, M{\'a}ria and Kivlichan, Ian D and Menke, Tim and Peropadre, Borja and Sawaya, Nicolas P D and Sim, Sukin and Veis, Libor and Aspuru-Guzik, Alan},
title = {{Quantum Chemistry in the Age of Quantum Computing.}},
journal = {Chem. Rev.},
year = {2019},
volume = {119},
number = {19},
pages = {10856--10915},
month = oct
}

@article{Lanyon:2010jf,
author = {Lanyon, B P and Whitfield, J D and Gillett, G G and Goggin, M E and Almeida, M P and Kassal, I and Biamonte, J D and Mohseni, M and Powell, B J and Barbieri, M and Aspuru-Guzik, A and White, A G},
title = {{Towards quantum chemistry on a quantum computer}},
journal = {Nat. Chem.},
year = {2010},
volume = {2},
pages = {106--111}
}

@article{AspuruGuzik:dj,
author = {Aspuru-Guzik, Alan and Dutoi, Anthony D and Love, Peter J and Head-Gordon, Martin},
title = {{Simulated quantum computation of molecular energies}},
journal = {Science},
year = {2005},
volume = {309},
pages = {1704--1707},
month = sep,
annote = {the 2005 groundbreaking paper from Alan}
}

@article{Verteletskyi:2019uh,
author = {Verteletskyi, Vladyslav and Yen, Tzu-Ching and Izmaylov, Artur F},
title = {{Measurement Optimization in the Variational Quantum Eigensolver Using a Minimum Clique Cover}},
journal = {arXiv e-prints},
year = {2019},
pages = {arXiv:1907.03358 [quant--ph]},
month = jul
}

@article{Tacchino:2019dj,
author = {Tacchino, Francesco and Chiesa, Alessandro and Carretta, Stefano and Gerace, Dario},
title = {{Quantum Computers as Universal Quantum Simulators: State-of-the-Art and Perspectives}},
journal = {Adv. Quantum Technol.},
year = {2019},
volume = {2},
pages = {1900052--28},
month = dec
}

@article{Low:2017kn,
author = {Low, Guang Hao and Chuang, Isaac L},
title = {{Optimal Hamiltonian Simulation by Quantum Signal Processing}},
journal = {Phys. Rev. Lett.},
year = {2017},
volume = {118},
number = {1},
pages = {901--5},
month = jan
}

@article{Peruzzo:2014kc,
author = {Peruzzo, Alberto and McClean, Jarrod and Shadbolt, Peter and Yung, Man-Hong and Zhou, Xiao-Qi and Love, Peter J and Al aacute n Aspuru-Guzik and Brien, Jeremy L O rsquo},
title = {{A variational eigenvalue solver on a photonic quantum processor}},
journal = {Nat. Commun.},
year = {2014},
volume = {5},
pages = {4213}
}

@article{McClean:2017tj,
author = {McClean, Jarrod R and Sung, Kevin J and Kivlichan, Ian D and Cao, Yudong and Dai, Chengyu and Fried, E Schuyler and Gidney, Craig and Gimby, Brendan and Gokhale, Pranav and H{\"a}ner, Thomas and Hardikar, Tarini and Higgott, Oscar and Huang, Cupjin and Izaac, Josh and Jiang, Zhang and Liu, Xinle and McArdle, Sam and Neeley, Matthew and O'Brien, Thomas and O'Gorman, Bryan and Ozfidan, Isil and Radin, Maxwell D and Romero, Jonathan and Rubin, Nicholas and Sawaya, Nicolas P D and Setia, Kanav and Sim, Sukin and Steiger, Damian S and Steudtner, Mark and Sun, Qiming and Sun, Wei and Wang, Daochen and Zhang, Fang and Babbush, Ryan},
title = {{OpenFermion: The Electronic Structure Package for Quantum Computers}},
journal = {arXiv e-prints},
year = {2019},
pages = {arXiv:1710.07629v5 [quant--ph]}
}

@article{Harrow:2019ue,
author = {Harrow, Aram and Napp, John},
title = {{Low-depth gradient measurements can improve convergence in variational hybrid quantum-classical algorithms}},
journal = {arXiv e-prints},
year = {2019},
pages = {arXiv:1901.05374 [quant--ph]},
month = jan
}

@article{Berry:2019qubitization,
author = {Berry, Dominic W and Gidney, Craig and Motta, Mario and McClean, Jarrod R and Babbush, Ryan},
title = {{Qubitization of Arbitrary Basis Quantum Chemistry Leveraging Sparsity and Low Rank Factorization}},
journal = {Quantum},
year = {2019},
volume = {3},
pages = {208},
month = dec
}

@article{McCaskey:2019ep,
author = {McCaskey, Alexander J and Parks, Zachary P and Jakowski, Jacek and Moore, Shirley V and Morris, Titus D and Humble, Travis S and Pooser, Raphael C},
title = {{Quantum chemistry as a benchmark for near-term quantum computers}},
journal = {Npj Quantum Inf.},
year = {2019},
volume = {5},
pages = {99}
}

@article{Takeshita:2020dh,
author = {Takeshita, Tyler and Rubin, Nicholas C and Jiang, Zhang and Lee, Eunseok and Babbush, Ryan and McClean, Jarrod R},
title = {{Increasing the Representation Accuracy of Quantum Simulations of Chemistry without Extra Quantum Resources}},
journal = {Phys. Rev. X},
year = {2020},
volume = {10},
number = {1},
pages = {011004},
month = jan,
annote = {use Orbital-Optimization techniques for VQE (mentioned in arXiv:1910.11526)

"post-quantum classical correction from perturbation theory to improve accuracy" (arXiv:1904.03206)}
}

@article{Sawaya:2016gn,
author = {Sawaya, Nicolas P D and Smelyanskiy, Mikhail and McClean, Jarrod R and Aspuru-Guzik, Alan},
title = {{Error Sensitivity to Environmental Noise in Quantum Circuits for Chemical State Preparation}},
journal = {J. Chem. Theory Comput.},
year = {2016},
volume = {12},
number = {7},
pages = {3097--3108},
month = jul
}

@article{BalanzoJuando:2019tn,
author = {Balanz{\'o}-Juand{\'o}, Maria and De las Cuevas, Gemma},
title = {{A generalised ansatz for continuous Matrix Product States}},
journal = {arXiv e-prints},
year = {2019},
pages = {arXiv:1908.09761 [quant--ph]},
month = aug,
annote = {10 pages}
}

@article{Gard:2019vd,
author = {Gard, Bryan T and Zhu, Linghua and Barron, George S and Mayhall, Nicholas J and Economou, Sophia E and Barnes, Edwin},
title = {{Efficient Symmetry-Preserving State Preparation Circuits for the Variational Quantum Eigensolver Algorithm}},
journal = {arXiv e-prints},
year = {2019},
pages = {arXiv:1904.10910 [quant--ph]},
month = apr,
annote = {11 pages, 9 figures (v2 expanded appendix to include more efficient gate decompositions)}
}

@article{Babbush:2017hq,
author = {Babbush, Ryan and Berry, Dominic W and Sanders, Yuval R and Kivlichan, Ian D and Scherer, Artur and Wei, Annie Y and Love, Peter J and Aspuru-Guzik, Alan},
title = {{Exponentially more precise quantum simulation of fermions in the configuration interaction representation}},
journal = {Quantum Sci. Technol.},
year = {2017},
volume = {3},
number = {1},
pages = {015006--38},
month = dec,
annote = {Hamiltonian simulation applied to quantum chemistry}
}

@article{Suzuki:1976cf,
author = {Suzuki, Masuo},
title = {{Generalized Trotter's formula and systematic approximants of exponential operators and inner derivations with applications to many-body problems}},
journal = {Commun. Math. Phys.},
year = {1976},
volume = {51},
number = {2},
pages = {183--190},
month = jun,
annote = {higher order product formulae}
}

@article{Heyl:2019iu,
author = {Heyl, Markus and Hauke, Philipp and Zoller, Peter},
title = {{Quantum localization bounds Trotter errors in digital quantum simulation.}},
journal = {Sci. Adv.},
year = {2019},
volume = {5},
number = {4},
pages = {eaau8342},
month = apr
}

@article{Hamamura:2019tg,
author = {Hamamura, Ikko and Imamichi, Takashi},
title = {{Efficient evaluation of Pauli strings with entangled measurements}},
journal = {arXiv e-prints},
year = {2019},
pages = {arXiv:1909.09119 [quant--ph]},
month = sep
}

@article{Wiebe:2010eh,
author = {Wiebe, Nathan and Berry, Dominic and H{\o}yer, Peter and Sanders, Barry C},
title = {{Higher order decompositions of ordered operator exponentials}},
journal = {J. Phys. A: Math. Theor.},
year = {2010},
volume = {43},
number = {6},
pages = {065203},
month = jan
}

@article{Neuhauser:1990dp,
author = {Neuhauser, Daniel},
title = {{Bound state eigenfunctions from wave packets: Time{\textrightarrow}energy resolution}},
journal = {J. Chem. Phys.},
year = {1990},
volume = {93},
number = {4},
pages = {2611--2616},
month = aug,
annote = {classical Filter diagonalization}
}

@article{OBrien:2019cw,
author = {O'Brien, Thomas E and Tarasinski, Brian and Terhal, Barbara M},
title = {{Quantum phase estimation of multiple eigenvalues for small-scale (noisy) experiments}},
journal = {New J. Phys.},
year = {2019},
volume = {21},
number = {2},
pages = {023022},
month = feb,
annote = {time-grid method
Prony-type fitting of the relative time-shift overlap matrix (comments from Robert filterD paper)}
}

@article{Unke:2019bp,
author = {Unke, Oliver T and Meuwly, Markus},
title = {{PhysNet: a neural network for predicting energies, forces, dipole moments and partial charges}},
journal = {J. Chem. Theory Comput.},
year = {2019},
volume = {15},
number = {6},
pages = {3678--3693},
month = may
}

@article{OGorman:2019vf,
author = {O'Gorman, Bryan and Huggins, William J and Rieffel, Eleanor G and Whaley, K Birgitta},
title = {{Generalized swap networks for near-term quantum computing}},
journal = {arXiv e-prints},
year = {2019},
pages = {arXiv:1905.05118 [quant--ph]},
month = may
}

@article{Sugisaki:2016kx,
author = {Sugisaki, Kenji and Yamamoto, Satoru and Nakazawa, Shigeaki and Toyota, Kazuo and Sato, Kazunobu and Shiomi, Daisuke and Takui, Takeji},
title = {{Quantum Chemistry on Quantum Computers: A Polynomial-Time Quantum Algorithm for Constructing the Wave Functions of Open-Shell Molecules}},
journal = {J. Phys. Chem. A},
year = {2016},
volume = {120},
number = {32},
pages = {6459--6466},
month = aug,
annote = {single configuration state functions}
}

@article{Endo:2019ix,
author = {Endo, Suguru and Jones, Tyson and McArdle, Sam and Yuan, Xiao and Benjamin, Simon C},
title = {{Variational quantum algorithms for discovering Hamiltonian spectra}},
journal = {Phys. Rev. A},
year = {2019},
volume = {99},
pages = {062304},
month = jun
}

@article{Colless:2018hp,
author = {Colless, J I and Ramasesh, V V and Dahlen, D and Blok, M S and Kimchi-Schwartz, M E and McClean, Jarrod R and Carter, J and de Jong, W A and Siddiqi, I},
title = {{Computation of Molecular Spectra on a Quantum Processor with an Error-Resilient Algorithm}},
journal = {Phys. Rev. X},
year = {2018},
volume = {8},
number = {1},
pages = {011021},
annote = {QSE}
}

@book{Das:2005ea,
editor = {Das, Arnab and K Chakrabarti, Bikas},
title = {{Quantum Annealing and Other Optimization Methods}},
publisher = {Springer, Berlin, Heidelberg},
year = {2005},
volume = {679},
series = {Lecture Notes in Physics},
address = {Berlin, Heidelberg}
}

@article{2018projectq,
author = {Steiger, Damian S and H{\"a}ner, Thomas and Troyer, Matthias},
title = {{ProjectQ: An Open Source Software Framework for Quantum Computing}},
journal = {Quantum},
year = {2018},
volume = {2},
pages = {49}
}

@article{Bian:2019de,
author = {Bian, Teng and Murphy, Daniel and Xia, Rongxin and Daskin, Ammar and Kais, Sabre},
title = {{Quantum computing methods for electronic states of the water molecule}},
journal = {Mol. Phys.},
year = {2019},
volume = {117},
number = {15-16},
pages = {2069--2082},
month = feb
}

@article{Vijay:efa,
author = {Vijay, Sagar and Hsieh, Timothy H and Fu, Liang},
title = {{Majorana fermion surface code for universal quantum computation}},
journal = {Phys. Rev. X},
year = {2015},
volume = {5},
pages = {041038},
month = dec
}

@article{Babbush:2018cl,
author = {Babbush, Ryan and Gidney, Craig and Berry, Dominic W and Wiebe, Nathan and McClean, Jarrod and Paler, Alexandru and Fowler, Austin and Neven, Hartmut},
title = {{Encoding Electronic Spectra in Quantum Circuits with Linear T Complexity}},
journal = {Phys. Rev. X},
year = {2018},
volume = {8},
number = {4},
pages = {041015},
month = oct
}

@article{Temme:2017ev,
author = {Temme, Kristan and Bravyi, Sergey and Gambetta, Jay M},
title = {{Error Mitigation for Short-Depth Quantum Circuits}},
journal = {Phys. Rev. Lett.},
year = {2017},
volume = {119},
number = {18},
pages = {180509},
annote = {Quasi-probability Decomposition Extrapolation}
}

@article{Cheng:2019vr,
author = {Cheng, Lixue and Kovachki, Nikola B and Welborn, Matthew and Miller III, Thomas F},
title = {{Regression-clustering for Improved Accuracy and Training Cost with Molecular-Orbital-Based Machine Learning}},
journal = {arXiv},
year = {2019},
eprint = {1909.02041v3},
eprinttype = {arxiv},
eprintclass = {physics.chem-ph},
month = sep,
annote = {30 pages, 9 figures, with an SI}
}

@article{Kyriienko:2020gg,
author = {Kyriienko, Oleksandr},
title = {{Quantum inverse iteration algorithm for programmable quantum simulators}},
journal = {Npj Quantum Inf.},
year = {2020},
volume = {6},
pages = {7},
annote = {time-grid method
"uses a time propagation grid with a predetermined quadrature recipe to approximate the operator (H {\textminus} $\lambda$)^{\textminus}$\alpha$ where $\lambda$ is a guess for the target eigenvalue and $\alpha$ $\ge$ 1. When this operator is applied to a guess eigenstate, the component of the eigenvector nearest to $\lambda$ is significantly magnified, improving the solution"}
}

@article{Crooks:2019tj,
author = {Crooks, Gavin E},
title = {{Gradients of parameterized quantum gates using the parameter-shift rule and gate decomposition}},
journal = {arXiv e-prints},
year = {2019},
pages = {arXiv:1905.13311 [quant--ph]},
month = may
}

@article{Kivlichan:2017bw,
author = {Kivlichan, Ian D and Wiebe, Nathan and Babbush, Ryan and Aspuru-Guzik, Alan},
title = {{Bounding the costs of quantum simulation of many-body physics in real space}},
journal = {J. Phys. A: Math. Theor.},
year = {2017},
volume = {50},
number = {30},
pages = {305301--33},
month = jun
}

@article{Ryabinkin:2018jw,
author = {Ryabinkin, Ilya G and Yen, Tzu-Ching and Genin, Scott N and Izmaylov, Artur F},
title = {{Qubit Coupled Cluster Method: A Systematic Approach to Quantum Chemistry on a Quantum Computer}},
journal = {J. Chem. Theory Comput.},
year = {2018},
volume = {14},
number = {12},
pages = {6317--6326},
month = nov
}

@article{Hsieh:2019vz,
author = {Hsieh, Chang-yu and Sun, Qiming and Zhang, Shengyu and Lee, Chee Kong},
title = {{Unitary-Coupled Restricted Boltzmann Machine Ansatz for Quantum Simulations}},
journal = {arXiv e-prints},
year = {2019},
pages = {arXiv:1912.02988 [quant--ph]},
month = dec,
annote = {21 pages, 6 figures}
}

@article{Babbush:2019dd,
author = {Babbush, Ryan and Berry, Dominic W and McClean, Jarrod R and Neven, Hartmut},
title = {{Quantum simulation of chemistry with sublinear scaling in basis size}},
journal = {Npj Quantum Inf.},
year = {2019},
volume = {5},
number = {1},
pages = {92},
month = oct,
annote = {"A first-quantised representation of the plane wave basis has recently been used to achieve the best scaling chemistry algorithm to date 
 It requires O(Nlog2(M)) qubits to store the wavefunction, and can perform time evolution under the Hamiltonian with a gate count of O(N8/3M1/3t), neglecting logarithmic factors. 

This is a substantial development, as it is the first quantum chemistry algorithm scaling sublinearly with the number of basis functions. This can be used to mitigate the drawback of plane wave basis functions; that more are required than gaussian basis functions to achieve accurate results."}
}

@article{Cruz:2019ug,
author = {Cruz, P Q and Catarina, G and Gautier, R and Fern{\'a}ndez-Rossier, J},
title = {{Optimizing quantum phase estimation for the simulation of Hamiltonian eigenstates}},
journal = {arXiv e-prints},
year = {2019},
pages = {arXiv:1910.06265 [quant--ph]},
month = oct,
annote = {15 pages, 14 figures}
}

@article{Schwarz:2012in,
author = {Schwarz, Martin and Temme, Kristan and Verstraete, Frank},
title = {{Preparing Projected Entangled Pair States on a Quantum Computer}},
journal = {Phys. Rev. Lett.},
year = {2012},
volume = {108},
number = {11},
pages = {110502},
month = mar
}

@article{Parrish:2019tc,
author = {Parrish, Robert M and McMahon, Peter L},
title = {{Quantum Filter Diagonalization: Quantum Eigendecomposition without Full Quantum Phase Estimation}},
journal = {arXiv e-prints},
year = {2019},
pages = {arXiv:1909.08925 [quant--ph]},
month = sep,
annote = {QFD}
}

@article{Evangelista:2019kz,
author = {Evangelista, Francesco A and Chan, Garnet Kin-Lic and Scuseria, Gustavo E},
title = {{Exact parameterization of fermionic wave functions via unitary coupled cluster theory}},
journal = {J. Chem. Phys.},
year = {2019},
volume = {151},
number = {24},
pages = {244112},
month = dec
}

@article{Bravyi:2017wb,
author = {Bravyi, Sergey and Gambetta, Jay M and Mezzacapo, Antonio and Temme, Kristan},
title = {{Tapering off qubits to simulate fermionic Hamiltonians}},
journal = {arXiv e-prints},
year = {2017},
pages = {arXiv:1701.08213 [quant--ph]},
month = jan,
annote = {exploit symmetry to reduce {\#}qubits
"a procedure for tapering off qubits based on automatic discovery of Z2 symmetries was developed" (arXiv:1910.14644v1)
}
}

@article{Farhi:2014wl,
author = {Farhi, Edward and Goldstone, Jeffrey and Gutmann, Sam},
title = {{A Quantum Approximate Optimization Algorithm}},
journal = {arXiv e-prints},
year = {2014},
pages = {arXiv:1411.4028 [quant--ph]},
month = nov,
annote = {original QAOA paper}
}

@article{Bauman:2019tl,
author = {Bauman, Nicholas P and Low, Guang Hao and Kowalski, Karol},
title = {{Quantum simulations of excited states with active-space downfolded Hamiltonians}},
journal = {J. Chem. Phys.},
year = {2019},
volume = {151},
number = {23},
pages = {234114},
month = dec
}

@article{McArdle:2019bo,
author = {McArdle, Sam and Yuan, Xiao and Benjamin, Simon C},
title = {{Error-mitigated Digital Quantum Simulation}},
journal = {Phys. Rev. Lett.},
year = {2019},
volume = {122},
pages = {180501}
}

@article{Childs:2018gf,
author = {Childs, Andrew M and Maslov, Dmitri and Yunseong, Nam and Ross, Neil J and Su, Yuan},
title = {{Toward the first quantum simulation with quantum speedup}},
journal = {Proc. Natl. Acad. Sci. U.S.A.},
year = {2018},
volume = {115},
pages = {9456--9461},
month = sep
}

@article{Cubitt:2018kp,
author = {Cubitt, Toby S and Montanaro, Ashley and Piddock, Stephen},
title = {{Universal quantum Hamiltonians.}},
journal = {Proc. Natl. Acad. Sci. U.S.A.},
year = {2018},
volume = {115},
number = {38},
pages = {9497--9502},
month = sep
}

@article{Ollitrault:2019tn,
author = {Ollitrault, Pauline J and Kandala, Abhinav and Chen, Chun-Fu and Barkoutsos, Panagiotis Kl and Mezzacapo, Antonio and Pistoia, Marco and Sheldon, Sarah and Woerner, Stefan and Gambetta, Jay and Tavernelli, Ivano},
title = {{Quantum equation of motion for computing molecular excitation energies on a noisy quantum processor}},
journal = {arXiv e-prints},
year = {2019},
pages = {arXiv:1910.12890 [quant--ph]},
month = oct,
annote = {QSE }
}

@article{Mizukami:2019uf,
author = {Mizukami, Wataru and Mitarai, Kosuke and Nakagawa, Yuya O and Yamamoto, Takahiro and Yan, Tennin and Ohnishi, Yu-ya},
title = {{Orbital optimized unitary coupled cluster theory for quantum computer}},
journal = {arXiv e-prints},
year = {2019},
pages = {arXiv:1910.11526 [cond--mat.str--el]},
month = oct
}

@article{Gokhale:2019ug,
author = {Gokhale, Pranav and Chong, Frederic T},
title = {{$\mathcal{O} (N^3)$ Measurement Cost for Variational Quantum Eigensolver on Molecular Hamiltonians }},
journal = {arXiv e-prints},
year = {2019},
pages = {arXiv:1908.11857 [quant--ph]},
annote = {5 pages, 3 figures}
}

@article{Nakanishi:2019wo,
author = {Nakanishi, Ken M and Mitarai, Kosuke and Fujii, Keisuke},
title = {{Subspace-search variational quantum eigensolver for excited states}},
journal = {Phys. Rev. Research},
year = {2019},
volume = {1},
number = {3},
pages = {033062}
}

@article{McClean:2018kf,
author = {McClean, Jarrod R and Boixo, Sergio and Smelyanskiy, Vadim N and Babbush, Ryan and Neven, Hartmut},
title = {{Barren plateaus in quantum neural network training landscapes}},
year = {2018},
volume = {9},
number = {1},
pages = {4812},
month = nov
}

@article{Parrish:2019tf,
author = {Parrish, Robert M and Iosue, Joseph T and Ozaeta, Asier and McMahon, Peter L},
title = {{A Jacobi Diagonalization and Anderson Acceleration Algorithm For Variational Quantum Algorithm Parameter Optimization}},
journal = {arXiv e-prints},
year = {2019},
pages = {arXiv:1904.03206 [quant--ph]},
month = apr,
annote = {31 pages, 16 figures}
}

@article{Schutt:2019kf,
author = {Sch{\"u}tt, K T and Gastegger, M and Tkatchenko, A and M{\"u}ller, K-R and Maurer, R J},
title = {{Unifying machine learning and quantum chemistry with a deep neural network for molecular wavefunctions.}},
year = {2019},
volume = {10},
number = {1},
pages = {5024},
month = nov
}

@article{OBrien:2019vy,
author = {Senjean, B and Sagastizabal, R and Dutkiewicz, A and Buda, F and DiCarlo, L and Visscher, L and Bonet-Monroig, Xavier and O'Brien, Thomas E},
title = {{Calculating Energy Derivatives for Quantum Chemistry on a Quantum Computer}},
journal = {Npj Quantum Inf.},
year = {2019},
volume = {5},
pages = {113}
}

@article{Crawford:2019tg,
author = {Crawford, Ophelia and van Straaten, Barnaby and Wang, Daochen and Parks, Thomas and Campbell, Earl and Brierley, Stephen},
title = {{Efficient quantum measurement of Pauli operators}},
journal = {arXiv e-prints},
year = {2019},
pages = {arXiv:1908.06942 [quant--ph]},
month = aug,
annote = {15 pages}
}

@article{McClean:2017ct,
author = {McClean, Jarrod R and Kimchi-Schwartz, Mollie E and Carter, Jonathan and de Jong, Wibe A},
title = {{Hybrid quantum-classical hierarchy for mitigation of decoherence and determination of excited states
}},
journal = {Phys. Rev. A},
year = {2017},
volume = {95},
number = {4},
pages = {042308--10},
month = apr,
annote = {QSE original paper, CIS linear subspace}
}

@article{Verstraete:2005je,
author = {Verstraete, F and Cirac, J Ignacio},
title = {{Mapping local Hamiltonians of fermions to local Hamiltonians of spins}},
journal = {J. Stat. Mech.},
year = {2005},
volume = {2005},
number = {09},
pages = {P09012--P09012},
month = sep
}

@article{Vijay:ef,
author = {Vijay, Sagar and Haah, Jeongwan and Fu, Liang},
title = {{A new kind of topological quantum order: A dimensional hierarchy of quasiparticles built from stationary excitations}},
journal = {Phys. Rev. B},
year = {2015},
volume = {92},
pages = {235136}
}

@article{Torlai:2019jm,
author = {Torlai, Giacomo and Timar, Brian and van Nieuwenburg, Evert P L and Levine, Harry and Omran, Ahmed and Keesling, Alexander and Bernien, Hannes and Greiner, Markus and Vuleti{\'c}, Vladan and Lukin, Mikhail D and Melko, Roger G and Endres, Manuel},
title = {{Integrating Neural Networks with a Quantum Simulator for State Reconstruction}},
journal = {Phys. Rev. Lett.},
year = {2019},
volume = {123},
number = {23},
pages = {230504},
month = dec
}

@article{Xu:2018gp,
author = {Xu, Enhua and Uejima, Motoyuki and Ten-no, Seiichiro Lenka},
title = {{Full Coupled-Cluster Reduction for Accurate Description of Strong Electron Correlation.}},
journal = {Phys. Rev. Lett.},
year = {2018},
volume = {121},
number = {11},
pages = {113001},
month = sep,
annote = {"Selected UCC"}
}

@article{Childs:2019da,
author = {Childs, Andrew M and Su, Yuan},
title = {{Nearly Optimal Lattice Simulation by Product Formulas}},
journal = {Phys. Rev. Lett.},
year = {2019},
volume = {123},
number = {5},
pages = {050503}
}

@article{Santagati:2018ih,
author = {Santagati, Raffaele and Wang, Jianwei and Gentile, Antonio A and Paesani, Stefano and Wiebe, Nathan and McClean, Jarrod R and Morley-Short, Sam and Shadbolt, Peter J and Bonneau, Damien and Silverstone, Joshua W and Tew, David P and Zhou, Xiaoqi and O'Brien, Jeremy L and Thompson, Mark G},
title = {{Witnessing eigenstates for quantum simulation of Hamiltonian spectra.}},
journal = {Sci. Adv.},
year = {2018},
volume = {4},
number = {1},
pages = {eaap9646},
month = jan,
annote = {variational methods + QPE}
}

@article{McClean:2014jm,
author = {McClean, Jarrod R and Babbush, Ryan and Love, Peter J and Aspuru-Guzik, Alan},
title = {{Exploiting Locality in Quantum Computation for Quantum Chemistry}},
journal = {J. Phys. Chem. Lett.},
year = {2014},
volume = {5},
number = {24},
pages = {4368--4380},
month = dec
}

@article{GreeneDiniz:2019tg,
author = {Greene-Diniz, Gabriel and Ramo, David Mu{\~n}oz},
title = {{Calculation of excited states via symmetry constraints in the Variational Quantum Eigensolver}},
journal = {arXiv e-prints},
year = {2019},
pages = {arXiv:1910.05168 [quant--ph]},
month = oct,
annote = {14 pages, 7 figures}
}

@article{Kandala:2017gh,
author = {Kandala, Abhinav and Mezzacapo, Antonio and Temme, Kristan and Takita, Maika and Brink, Markus and Chow, Jerry M and Gambetta, Jay M},
title = {{Hardware-efficient variational quantum eigensolver for small molecules and quantum magnets}},
journal = {Nature},
year = {2017},
volume = {549},
number = {7671},
pages = {242--246}
}

@article{Gokhale:2019vn,
author = {Gokhale, Pranav and Angiuli, Olivia and Ding, Yongshan and Gui, Kaiwen and Tomesh, Teague and Suchara, Martin and Martonosi, Margaret and Chong, Frederic T},
title = {{Minimizing State Preparations in Variational Quantum Eigensolver by Partitioning into Commuting Families}},
journal = {arXiv e-prints},
year = {2019},
pages = {arXiv:1907.13623 [quant--ph]},
month = jul
}

@article{Zhao:2019vz,
author = {Zhao, Andrew and Tranter, Andrew and Kirby, William M and Ung, Shu Fay and Miyake, Akimasa and Love, Peter},
title = {{Measurement reduction in variational quantum algorithms}},
journal = {arXiv e-prints},
year = {2019},
pages = {arXiv:1908.08067 [quant--ph]},
annote = {21 pages, 3 figures}
}

@article{Berry:2015ir,
author = {Berry, Dominic W and Childs, Andrew M and Cleve, Richard and Kothari, Robin and Somma, Rolando D},
title = {{Simulating Hamiltonian Dynamics with a Truncated Taylor Series}},
journal = {Phys. Rev. Lett.},
year = {2015},
volume = {114},
number = {9},
pages = {090502},
month = mar
}

@article{Sugisaki:2019fz,
author = {Sugisaki, Kenji and Nakazawa, Shigeaki and Toyota, Kazuo and Sato, Kazunobu and Shiomi, Daisuke and Takui, Takeji},
title = {{Quantum Chemistry on Quantum Computers: A Method for Preparation of Multiconfigurational Wave Functions on Quantum Computers without Performing Post-Hartree{\textendash}Fock Calculations}},
journal = {ACS Cent. Sci.},
year = {2019},
volume = {5},
number = {1},
pages = {167--175},
month = jan,
annote = {QPE
(two electron geminals.)?from nick}
}

@article{Kandala:2019cz,
author = {Kandala, Abhinav and Temme, Kristan and C{\'o}rcoles, Antonio D and Mezzacapo, Antonio and Chow, Jerry M and Gambetta, Jay M},
title = {{Error mitigation extends the computational reach of a noisy quantum processor}},
journal = {Nature},
year = {2019},
volume = {567},
number = {7749},
pages = {1--11},
month = mar
}

@article{Motta:2019ts,
author = {Motta, Mario and Genovese, Claudio and Ma, Fengjie and Cui, Zhi-Hao and Sawaya, Randy and Chan, Garnet Kin-Lic and Chepiga, Natalia and Helms, Phillip and Jimenez-Hoyos, Carlos and Millis, Andrew J and Ray, Ushnish and Ronca, Enrico and Shi, Hao and Sorella, Sandro and Stoudenmire, Edwin M and White, Steven R and Zhang, Shiwei},
title = {{Ground-state properties of the hydrogen chain: insulator-to-metal transition, dimerization, and magnetic phases}},
journal = {arXiv e-prints},
year = {2019},
pages = {arXiv:1911.01618 [cond--mat.str--el]},
month = nov,
annote = {8 pages, 4 figures, supplemental information included as ancillary file}
}

@article{Zhavoronkov:2019da,
author = {Zhavoronkov, Alex and Ivanenkov, Yan A and Aliper, Alex and Veselov, Mark S and Aladinskiy, Vladimir A and Aladinskaya, Anastasiya V and Terentiev, Victor A and Polykovskiy, Daniil A and Kuznetsov, Maksim D and Asadulaev, Arip and Volkov, Yury and Zholus, Artem and Shayakhmetov, Rim R and Zhebrak, Alexander and Minaeva, Lidiya I and Zagribelnyy, Bogdan A and Lee, Lennart H and Soll, Richard and Madge, David and Xing, Li and Guo, Tao and Aspuru-Guzik, Alan},
title = {{Deep learning enables rapid identification of potent DDR1 kinase inhibitors}},
journal = {Nat. Biotechnol.},
year = {2019},
volume = {37},
number = {9},
pages = {1038--1040},
month = sep
}

@article{Roggero:2019uz,
author = {Roggero, Alessandro and Baroni, Alessandro},
title = {{Short-depth circuits for efficient expectation value estimation}},
journal = {arXiv e-prints},
year = {2019},
pages = {arXiv:1905.08383 [quant--ph]},
month = may
}

@article{Alexandru:2019bn,
author = {Alexandru, Andrei and Bedaque, Paulo F and Lamm, Henry and Lawrence, Scott},
title = {{Sigma Models on Quantum Computers}},
journal = {Phys. Rev. Lett.},
year = {2019},
volume = {123},
number = {9},
pages = {090501},
month = aug
}

@article{Reiher:2017cv,
author = {Reiher, Markus and Wiebe, Nathan and Svore, Krysta M and Wecker, Dave and Troyer, Matthias},
title = {{Elucidating reaction mechanisms on quantum computers}},
journal = {Proc. Natl. Acad. Sci. U.S.A.},
year = {2017},
volume = {114},
number = {29},
pages = {7555--7560},
annote = {propose Orbital-Optimization techniques for QPE (mentioned in arXiv:1910.11526)}
}

@article{Lin:2019vw,
author = {Lin, Lin and Tong, Yu},
title = {{Low-rank representation of tensor network operators with long-range pairwise interactions}},
journal = {arXiv},
year = {2019},
eprint = {1909.02206v1},
eprinttype = {arxiv},
eprintclass = {physics.comp-ph},
month = sep
}

@article{Mitarai:2019tq,
author = {Mitarai, Kosuke and Nakagawa, Yuya O and Mizukami, Wataru},
title = {{Theory of analytical energy derivatives for the variational quantum eigensolver}},
journal = {arXiv e-prints},
year = {2019},
pages = {arXiv:1905.04054 [quant--ph]},
month = jun
}

@article{Yen:2019vk,
author = {Yen, Tzu-Ching and Verteletskyi, Vladyslav and Izmaylov, Artur F},
title = {{Measuring all compatible operators in one series of a single-qubit measurements using unitary transformations}},
journal = {arXiv e-prints},
year = {2019},
pages = {arXiv:1907.09386 [quant--ph]}
}

@article{Yung:2014iv,
author = {Yung, Man-Hong and Casanova, J and Lamata, L and Solano, E and Aspuru-Guzik, Alan and McClean, Jarrod R and Mezzacapo, Antonio},
title = {{From transistor to trapped-ion computers for quantum chemistry}},
journal = {Sci. Rep.},
year = {2014},
volume = {4},
pages = {3589},
annote = {rtnotes Ref2:
 - Measure Pauli string
   by evolution, then only measuring 1 qubit }
}

@article{Kivlichan:2018iq,
author = {Kivlichan, Ian D and McClean, Jarrod and Wiebe, Nathan and Gidney, Craig and Aspuru-Guzik, Alan and Chan, Garnet Kin-Lic and Babbush, Ryan},
title = {{Quantum Simulation of Electronic Structure with Linear Depth and Connectivity}},
journal = {Phys. Rev. Lett.},
year = {2018},
volume = {120},
number = {11},
pages = {110501},
month = mar,
annote = {from docstring in openfermion Trotter error analysis functions.}
}

@article{Huggins:2019vv,
author = {Huggins, William J and Lee, Joonho and Baek, Unpil and O'Gorman, Bryan and Whaley, K Birgitta},
title = {{Non-Orthogonal Variational Quantum Eigensolver}},
journal = {arXiv e-prints},
year = {2019},
pages = {arXiv:1909.09114 [quant--ph]},
month = sep,
annote = {NO-VQE}
}

@article{Endo:2019ga,
author = {Endo, Suguru and Zhao, Qi and Li, Ying and Yuan, Xiao and Benjamin, Simon C},
title = {{Mitigating algorithmic errors in a Hamiltonian simulation}},
journal = {Phys. Rev. A},
year = {2019},
volume = {99},
number = {1},
pages = {012334}
}

@article{Ran:2017vx,
author = {Ran, Shi-Ju and Tirrito, Emanuele and Peng, Cheng and Chen, Xi and Tagliacozzo, Luca and Su, Gang and Lewenstein, Maciej},
title = {{Lecture Notes of Tensor Network Contractions}},
journal = {arXiv},
year = {2017},
eprint = {1708.09213v4},
eprinttype = {arxiv},
eprintclass = {physics.comp-ph},
month = aug,
annote = {134 pages, 68 figures. In this version, the manuscript has been changed into the format of book; new sections about tensor network and quantum circuits have been added}
}

@article{McClean:2015ite,
author = {McClean, Jarrod R and Aspuru-Guzik, Alan},
title = {{Compact wavefunctions from compressed imaginary time evolution}},
journal = {RSC Adv.},
year = {2015},
volume = {5},
number = {124},
pages = {102277--102283}
}

@article{McClean:2019vd,
author = {McClean, Jarrod R and Faulstich, Fabian M and Zhu, Qinyi and O'Gorman, Bryan and Qiu, Yiheng and White, Steven R and Babbush, Ryan and Lin, Lin},
title = {{Discontinuous Galerkin discretization for quantum simulation of chemistry}},
journal = {arXiv e-prints},
year = {2019},
pages = {arXiv:1909.00028 [quant--ph]},
month = aug
}

@article{Kosugi:2019vn,
author = {Kosugi, Taichi and Matsushita, Yu-ichiro},
title = {{Charge and spin response functions on a quantum computer: applications to molecules}},
journal = {arXiv e-prints},
year = {2019},
pages = {arXiv:1911.00293 [quant--ph]},
month = nov,
annote = {8 figures}
}

@article{Tilly:2020tj,
author = {Tilly, Jules and Jones, Glenn and Chen, Hongxiang and Wossnig, Leonard and Grant, Edward},
title = {{Computation of molecular excited states on IBMQ using a Discriminative Variational Quantum Eigensolver}},
journal = {arXiv e-prints},
year = {2020},
pages = {arXiv:2001.04941 [quant--ph]}
}

@article{OMalley:2016dc,
author = {O{\textquoteright}Malley, P J J and Romero, Jonathan and Barends, R and Kelly, J and Roushan, P and Tranter, A and Ding, N and Campbell, B and Chen, Y and Chen, Z and Chiaro, B and Dunsworth, A and Fowler, A G and Jeffrey, E and Megrant, A and Mutus, J Y and Neill, C and Quintana, C and Sank, D and Vainsencher, A and Wenner, J and White, T C and Coveney, P V and Martinis, J M and Aspuru-Guzik, Alan and Babbush, Ryan and Kivlichan, Ian D and Love, Peter J and McClean, Jarrod R and Neven, Hartmut},
title = {{Scalable Quantum Simulation of Molecular Energies}},
journal = {Phys. Rev. X},
year = {2016},
volume = {6},
pages = {031007}
}

@article{Motta:2017gy,
author = {Motta, Mario and Ceperley, David M and Chan, Garnet Kin-Lic and Gomez, John A and Gull, Emanuel and Guo, Sheng and Jim{\'e}nez-Hoyos, Carlos A and Lan, Tran Nguyen and Li, Jia and Ma, Fengjie and Millis, Andrew J and Prokof{\textquoteright}ev, Nikolay V and Ray, Ushnish and Scuseria, Gustavo E and Sorella, Sandro and Stoudenmire, Edwin M and Sun, Qiming and Tupitsyn, Igor S and White, Steven R and Zgid, Dominika and Zhang, Shiwei},
title = {{Towards the Solution of the Many-Electron Problem in Real Materials: Equation of State of the Hydrogen Chain with State-of-the-Art Many-Body Methods}},
journal = {Phys. Rev. X},
year = {2017},
volume = {7},
number = {3},
pages = {031059},
month = sep
}

@article{Kosugi:2020hd,
author = {Kosugi, Taichi and Matsushita, Yu-ichiro},
title = {{Construction of Green's functions on a quantum computer: Quasiparticle spectra of molecules}},
journal = {Phys. Rev. A},
year = {2020},
volume = {101},
pages = {012330}
}

@article{Wang:2019ha,
author = {Wang, Daochen and Higgott, Oscar and Brierley, Stephen},
title = {{Accelerated Variational Quantum Eigensolver}},
journal = {Phys. Rev. Lett.},
year = {2019},
volume = {122},
number = {14},
pages = {140504},
month = apr,
annote = {interpolates VQE and QPE

Generalized VQE algorithm that interpolates between these two regimes via a free parameter $\alpha$ [0,1], which can exploit quantum coherence over a circuit depth of O(1/$\varepsilon$^$\alpha$) to reduce the number of samples to O[$\varepsilon$^2(1{\textminus}$\alpha$)]
}
}

@article{Sagastizabal:2019df,
author = {Sagastizabal, R and Bonet-Monroig, X and Singh, M and Rol, M A and Bultink, C C and Fu, X and Price, C H and Ostroukh, V P and Muthusubramanian, N and Bruno, A and Beekman, M and Haider, N and O'Brien, T E and DiCarlo, L},
title = {{Experimental error mitigation via symmetry verification in a variational quantum eigensolver}},
journal = {Phys. Rev. A},
year = {2019},
volume = {100},
number = {1},
pages = {010302},
month = jul
}

@article{Sugisaki:2019ib,
author = {Sugisaki, Kenji and Yamamoto, Satoru and Nakazawa, Shigeaki and Toyota, Kazuo and Sato, Kazunobu and Shiomi, Daisuke and Takui, Takeji},
title = {{Open shell electronic state calculations on quantum computers: A quantum circuit for the preparation of configuration state functions based on Serber construction}},
journal = {Chem. Phys. Lett.: X},
year = {2019},
volume = {1},
pages = {100002},
month = jan,
annote = {a single configuration state functions}
}

@article{Anonymous:_7nB-BoQ,
title = {{Qubits and Quantum Measurement}},
year = {2010},
pages = {1--29},
month = aug
}

@article{Berry:2019bb,
author = {Berry, Dominic W and Kieferov{\'a}, M{\'a}ria and Scherer, Artur and Sanders, Yuval R and Low, Guang Hao and Wiebe, Nathan and Gidney, Craig and Babbush, Ryan},
title = {{Improved techniques for preparing eigenstates of fermionic Hamiltonians}},
journal = {Npj Quantum Inf.},
year = {2019},
volume = {4},
number = {1},
pages = {22},
month = jan,
annote = {antisymmerize initial state using shallow circuit O(log2c(N)log2log2(M)) than original paper of O(N^2) (Abrams and Lloyd, 1997)}
}

@article{KieferovA:2019bq,
author = {Kieferov{\~A}, M{\~A} ria and Scherer, Artur and Berry, Dominic W},
title = {{Simulating the dynamics of time-dependent Hamiltonians with a truncated Dyson series}},
journal = {Phys. Rev. A},
year = {2019},
volume = {99},
number = {4},
pages = {042314},
month = apr
}

@article{DeRaedt:2004te,
author = {De Raedt, H and Michielsen, K},
title = {{Computational Methods for Simulating Quantum Computers}},
journal = {arXiv e-prints},
year = {2004},
pages = {quant--ph--0406210}
}

@article{Pastorczak:2019dw,
author = {Pastorczak, Ewa and Hapka, Micha{\l} and Veis, Libor and Pernal, Katarzyna},
title = {{Capturing the Dynamic Correlation for Arbitrary Spin-Symmetry CASSCF Reference with Adiabatic Connection Approaches: Insights into the Electronic Structure of the Tetramethyleneethane Diradical}},
journal = {J. Phys. Chem. Lett.},
year = {2019},
volume = {10},
number = {16},
pages = {4668--4674},
month = jul
}

@article{Somma:2019th,
author = {Somma, Rolando D},
title = {{Quantum eigenvalue estimation via time series analysis}},
journal = {New J. Phys.},
year = {2019},
volume = {21},
pages = {123025},
annote = {time-grid method
"another interesting time grid method:
uses a Fourier series for a smooth cutoff function to extinguish high-lying eigenvectors"}
}

@article{Izmaylov:2019wa,
author = {Izmaylov, Artur F and Yen, Tzu-Ching and Ryabinkin, Ilya G},
title = {{Revising the measurement process in the variational quantum eigensolver: is it possible to reduce the number of separately measured operators?}},
journal = {Chem. Sci.},
year = {2019},
volume = {10},
number = {13},
pages = {3746--3755}
}

@article{Kokail:2019gi,
author = {Kokail, C and Maier, C and van Bijnen, R and Brydges, T and Joshi, M K and Jurcevic, P and Muschik, C A and Silvi, P and Blatt, R and Roos, C F and Zoller, P},
title = {{Self-verifying variational quantum simulation of lattice models.}},
journal = {Nature},
year = {2019},
volume = {569},
number = {7756},
pages = {355--360},
month = may
}

@article{Villalonga:2019je,
author = {Villalonga, Benjamin and Boixo, Sergio and Nelson, Bron and Henze, Christopher and Rieffel, Eleanor and Biswas, Rupak and Mandr{\`a}, Salvatore},
title = {{A flexible high-performance simulator for verifying and benchmarking quantum circuits implemented on real hardware}},
journal = {Npj Quantum Inf.},
year = {2019},
volume = {5},
number = {1},
pages = {1--16},
month = oct
}

@article{Szalay:2015fj,
author = {Szalay, Szil{\'a}rd and Pfeffer, Max and Murg, Valentin and Barcza, Gergely and Verstraete, Frank and Schneider, Reinhold and Legeza, {\"O}rs},
title = {{Tensor product methods and entanglement optimization for ab initioquantum chemistry}},
journal = {Int. J. Quantum Chem.},
year = {2015},
volume = {115},
number = {19},
pages = {1342--1391},
month = may
}

@article{Babbush:2016bx,
author = {Babbush, Ryan and Berry, Dominic W and Kivlichan, Ian D and Wei, Annie Y and Love, Peter J and Aspuru-Guzik, Alan},
title = {{Exponentially more precise quantum simulation of fermions in second quantization}},
journal = {New J. Phys.},
year = {2016},
volume = {18},
number = {3},
pages = {033032--18},
month = mar,
annote = {Hamiltonian simulation applied to quantum chemistry}
}

@article{Babbush:2015gu,
author = {Babbush, Ryan and McClean, Jarrod and Wecker, Dave and Aspuru-Guzik, Alan and Wiebe, Nathan},
title = {{Chemical basis of Trotter-Suzuki errors in quantum chemistry simulation}},
journal = {Phys. Rev. A},
year = {2015},
volume = {91},
number = {2},
pages = {106--16},
month = feb
}

@article{Childs:2012cg,
author = {Childs, Andrew M and Wiebe, Nathan},
title = {{Hamiltonian Simulation Using Linear Combinations of Unitary Operations}},
journal = {Quantum Inf. Comput.},
year = {2012},
volume = {12},
pages = {901--924},
month = nov,
annote = {rtnotes Ref4 LCU}
}

@article{Poulin:2018sa,
author = {Poulin, David and Kitaev, Alexei and Steiger, Damian S and Hastings, Matthew B and Troyer, Matthias},
title = {{Quantum Algorithm for Spectral Measurement with a Lower Gate Count}},
journal = {Phys. Rev. Lett.},
year = {2018},
volume = {121},
number = {1},
pages = {010501},
month = jul,
annote = {ref 95 in mrsqk paper}
}

@article{Kassal:2008bf,
author = {Kassal, Ivan and Jordan, Stephen P and Love, Peter J and Mohseni, Masoud and Aspuru-Guzik, Alan},
title = {{Polynomial-time quantum algorithm for the simulation of chemical dynamics}},
journal = {Proc. Natl. Acad. Sci. U.S.A.},
year = {2008},
volume = {105},
number = {48},
pages = {18681--18686},
annote = {"The state can be propagated in time by repeatedly using the quantum Fourier transform to move between the position and momentum bases, so that the potential and kinetic terms are diagonal (respectively) and so are simple to apply. Finally, the relevant observables can be measured"}
}

@article{Torlai:2019wu,
author = {Torlai, Giacomo and Mazzola, Guglielmo and Carleo, Giuseppe and Mezzacapo, Antonio},
title = {{Precise Measurement of quantum observables with Neural-Network estimators}},
journal = {arXiv e-prints},
year = {2019},
pages = {arXiv:1910.07596 [quant--ph]},
month = oct,
annote = {9 pages, 5 figures}
}

@article{Ryabinkin:2018tu,
author = {Ryabinkin, Ilya G and Genin, Scott N and Izmaylov, Artur F},
title = {{Relation between fermionic and qubit mean fields in the electronic structure problem}},
journal = {J. Chem. Phys.},
year = {2018},
volume = {149},
number = {21}
}

@article{Williams:2019ud,
author = {Williams, Kiel T and Yao, Yuan and Li, Jia and Chen, Li and Shi, Hao and Motta, Mario and Niu, Chunyao and Ray, Ushnish and Guo, Sheng and Anderson, Robert J and Li, Junhao and Tran, Lan Nguyen and Yeh, Chia-Nan and Mussard, Bastien and Sharma, Sandeep and Bruneval, Fabien and van Schilfgaarde, Mark and Booth, George H and Zhang, Shiwei and Gull, Emanuel and Zgid, Dominika and Millis, Andrew and Umrigar, C J and Wagner, Lucas K and Chan, Garnet Kin-Lic},
title = {{Direct comparison of many-body methods for realistic electronic Hamiltonians}},
journal = {arXiv},
year = {2019},
eprint = {1910.00045v1},
eprinttype = {arxiv},
eprintclass = {cond-mat.mtrl-sci},
month = sep,
annote = {Simons collaboration on the many-electron problem}
}

@article{Nakatani:2013hw,
author = {Nakatani, Naoki and Chan, Garnet Kin-Lic},
title = {{Efficient tree tensor network states (TTNS) for quantum chemistry: Generalizations of the density matrix renormalization group algorithm}},
journal = {J. Chem. Phys.},
year = {2013},
volume = {138},
number = {13},
pages = {134113--15},
month = apr
}

@article{Suzuki:1990uu,
author = {Suzuki, Masuo},
title = {{Fractal decomposition of exponential operators with applications to many-body theories and Monte Carlo simulations}},
journal = {Phys. Lett. A},
year = {1990},
volume = {146},
number = {6},
pages = {319--323},
month = jun
}

@article{:wh,
author = {Ran, Shi-Ju},
title = {{Efficient Encoding of Matrix Product States into Quantum Circuits of One-and Two-Qubit Gates}},
year = {2019},
month = aug
}

@article{Matsuzawa:2019th,
author = {Matsuzawa, Yuta and Kurashige, Yuki},
title = {{A Jastrow-type decomposition in quantum chemistry for low-depth quantum circuits}},
journal = {arXiv e-prints},
year = {2019},
pages = {arXiv:1909.12410 [physics.chem--ph]},
month = sep,
annote = {N2 calculation}
}

@article{poulin2015trotter,
author = {Poulin, David and Hastings, Matthew B and Wecker, Dave and Wiebe, Nathan and Doberty, Andrew C and Troyer, Matthias},
title = {{The Trotter Step Size Required for Accurate Quantum Simulation of Quantum Chemistry}},
journal = {Quantum Inf. Comput.},
year = {2015},
volume = {15},
number = {5-6},
pages = {361--384}
}

@article{Hastings:2015uj,
author = {Hastings, Matthew B and Wecker, Dave and Bauer, Bela and Troyer, Matthias},
title = {{Improving Quantum Algorithms for Quantum Chemistry}},
journal = {Quantum Inf. Comput.},
year = {2015},
volume = {15},
number = {1-2},
pages = {1},
month = jan,
annote = {ref68 in MRSQK paper
Trotter error}
}

@article{Barkoutsos:2018hm,
author = {Barkoutsos, Panagiotis Kl and Gonthier, Jerome F and Sokolov, Igor and Moll, Nikolaj and Salis, Gian and Fuhrer, Andreas and Ganzhorn, Marc and Egger, Daniel J and Troyer, Matthias and Mezzacapo, Antonio and Filipp, Stefan and Tavernelli, Ivano},
title = {{Quantum algorithms for electronic structure calculations: Particle-hole Hamiltonian and optimized wave-function expansions}},
journal = {Phys. Rev. A},
year = {2018},
volume = {98},
number = {2},
pages = {022322},
month = aug
}

@article{Whitfield:2013dy,
author = {Whitfield, James Daniel and Love, Peter John and Aspuru-Guzik, Alan},
title = {{Computational complexity in electronic structure}},
journal = {Phys. Chem. Chem. Phys.},
year = {2013},
volume = {15},
number = {2},
pages = {397--411}
}

@article{Preskill:2018gt,
author = {Preskill, John},
title = {{Quantum Computing in the NISQ era and beyond}},
journal = {Quantum},
year = {2018},
volume = {2},
pages = {79},
annote = {20 pages. Based on a Keynote Address at Quantum Computing for Business, 5 December 2017. (v3) Formatted for publication in Quantum, minor revisions}
}

@article{Rice:2020vm,
author = {Rice, Julia E and Gujarati, Tanvi P and Takeshita, Tyler Y and Latone, Joe and Motta, Mario and Hintennach, Andreas and Garcia, Jeannette M},
title = {{Quantum Chemistry Simulations of Dominant Products in Lithium-Sulfur Batteries}},
journal = {arXiv e-prints},
year = {2020},
pages = {arXiv:2001.01120 [physics.chem--ph]},
month = jan,
annote = {7 pages, 9 figures}
}

@article{Johnson:2017tl,
author = {Johnson, Peter D and Romero, Jonathan and Cao, Yudong and Aspuru-Guzik, Alan and Olson, Jonathan P},
title = {{QVECTOR: an algorithm for device-tailored quantum error correction}},
journal = {arXiv e-prints},
year = {2017},
pages = {arXiv:1711.02249 [quant--ph]}
}

@article{Yen:2019bs,
author = {Yen, Tzu-Ching and Lang, Robert A and Izmaylov, Artur F},
title = {{Exact and approximate symmetry projectors for the electronic structure problem on a quantum computer.}},
journal = {J. Chem. Phys.},
year = {2019},
volume = {151},
number = {16},
pages = {164111},
month = oct
}

@article{Berry:2007iw,
author = {Berry, Dominic W and Ahokas, Graeme and Cleve, Richard and Sanders, Barry C},
title = {{Efficient Quantum Algorithms for Simulating Sparse Hamiltonians}},
journal = {Commun. Math. Phys.},
year = {2007},
volume = {270},
number = {2},
pages = {359--371},
annote = {higher order product formulae}
}

@article{Lee:2018cy,
author = {Lee, Joonho and Huggins, William J and Head-Gordon, Martin and Whaley, K Birgitta},
title = {{Generalized Unitary Coupled Cluster Wave functions for Quantum Computation}},
journal = {J. Chem. Theory Comput.},
year = {2019},
volume = {15},
number = {1},
pages = {311--324}
}

@article{Heya:2019ta,
author = {Heya, Kentaro and Nakanishi, Ken M and Mitarai, Kosuke and Fujii, Keisuke},
title = {{Subspace Variational Quantum Simulator}},
journal = {arXiv e-prints},
year = {2019},
pages = {arXiv:1904.08566 [quant--ph]},
month = apr,
annote = {"the idea is similar to QPE.
applications: quantum linear system solver, quantum metropolis sampling"}
}

@article{Grimsley:2019ed,
author = {Grimsley, Harper R and Economou, Sophia E and Barnes, Edwin and Mayhall, Nicholas J},
title = {{An adaptive variational algorithm for exact molecular simulations on a quantum computer}},
journal = {Nat. Commun.},
year = {2019},
volume = {10},
pages = {3007}
}

@article{Moll_2016,
author = {Moll, Nikolaj and Fuhrer, Andreas and Staar, Peter and Tavernelli, Ivano},
title = {{Optimizing qubit resources for quantum chemistry simulations in second quantization on a quantum computer}},
journal = {J. Phys. A: Math. Theor.},
year = {2016},
volume = {49},
number = {29},
pages = {295301},
month = jun
}

@article{Izmaylov:2019ik,
author = {Izmaylov, Artur F and Yen, Tzu-Ching and Lang, Robert A and Verteletskyi, Vladyslav},
title = {{Unitary Partitioning Approach to the Measurement Problem in the Variational Quantum Eigensolver Method}},
journal = {J. Chem. Theory Comput.},
year = {2019},
volume = {16},
number = {1},
pages = {190--195},
month = nov
}

@article{Vidal:2003gb,
author = {Vidal, Guifr{\'e}},
title = {{Efficient Classical Simulation of Slightly Entangled Quantum Computations}},
journal = {Phys. Rev. Lett.},
year = {2003},
volume = {91},
number = {14},
pages = {147902},
month = oct
}

@article{DallaireDemers:2019iw,
author = {Dallaire-Demers, Pierre-Luc and Romero, Jonathan and Veis, Libor and Sim, Sukin and Aspuru-Guzik, Alan},
title = {{Low-depth circuit ansatz for preparing correlated fermionic states on a quantum computer}},
journal = {Quantum Sci. Technol.},
year = {2019},
volume = {4},
number = {4},
pages = {045005--18},
month = oct
}

@article{Blunt:2018ee,
author = {Blunt, Nick S and Alavi, Ali and Booth, George H},
title = {{Nonlinear biases, stochastically sampled effective Hamiltonians, and spectral functions in quantum Monte Carlo methods}},
journal = {Phys. Rev. B},
year = {2018},
volume = {98},
pages = {085118},
annote = {"QSE methods will be very sensitive to noise. Using a restricted Hilbert space expansion and diagonalization of noisy matrices can lead to systematic biases"
(arXiv:2001.04941 [quant-ph])
}
}

@article{Yamamoto:2019wd,
author = {Yamamoto, Naoki},
title = {{On the natural gradient for VQE}},
journal = {arXiv e-prints},
year = {2019},
pages = {arXiv:1909.05074 [quant--ph]},
month = sep,
annote = {6 pages, 7 figures}
}

@article{McArdle:2019ek,
author = {McArdle, Sam and Jones, Tyson and Endo, Suguru and Li, Ying and Benjamin, Simon C and Yuan, Xiao},
title = {{Variational ansatz-based quantum simulation of Imaginary Time Evolution}},
journal = {Npj Quantum Inf.},
year = {2019},
volume = {5},
number = {1},
pages = {1--6},
month = sep,
annote = {variational ITE ansatz}
}

@article{BonetMonroig:2019wv,
author = {Bonet-Monroig, Xavier and Babbush, Ryan and O'Brien, Thomas E},
title = {{Nearly Optimal Measurement Scheduling for Partial Tomography of Quantum States}},
journal = {arXiv e-prints},
year = {2019},
pages = {arXiv:1908.05628 [quant--ph]},
month = aug,
annote = {Measure k-RDM

(7 pages + 2 page appendix, 2 figures)}
}

@article{Shehab:2019wb,
author = {Shehab, Omar and Kim, Isaac H and Nguyen, Nhung H and Landsman, Kevin and Alderete, Cinthia H and Zhu, Daiwei and Monroe, C and Linke, Norbert M},
title = {{Noise Reduction Using Past Causal Cones in Variational Quantum algorithms}},
journal = {arXiv e-prints},
year = {2019},
pages = {arXiv:1906.00476 [quant--ph]}
}

@article{ArguelloLuengo:2019hx,
author = {Arg{\"u}ello-Luengo, Javier and Gonz{\'a}lez-Tudela, Alejandro and Shi, Tao and Zoller, Peter and Cirac, J Ignacio},
title = {{Analogue quantum chemistry simulation}},
journal = {Nature},
year = {2019},
volume = {574},
number = {7777},
pages = {215--218},
month = oct
}

@article{Anonymous:2019vv,
author = {Lesiuk, Micha{\l}},
title = {{Implementation of the full CCSDT electronic structure model with tensor decompositions}},
journal = {arXiv e-prints},
year = {2019},
pages = {arXiv:1910.00506 [physics.chem--ph]},
month = oct
}

@article{Shen:2017cc,
author = {Shen, Yangchao and Zhang, Xiang and Zhang, Shuaining and Zhang, Jing-Ning and Yung, Man-Hong and Kim, Kihwan},
title = {{Quantum implementation of the unitary coupled cluster for simulating molecular electronic structure}},
journal = {Phys. Rev. A},
year = {2017},
volume = {95},
number = {2},
pages = {020501(R)},
month = feb
}

@article{Mitarai:2019jv,
author = {Mitarai, Kosuke and Fujii, Keisuke},
title = {{Methodology for replacing indirect measurements with direct measurements}},
journal = {Phys. Rev. Research},
year = {2019},
volume = {1},
number = {1},
pages = {013006},
month = aug
}

@article{Smart:2019fs,
author = {Smart, Scott E and Mazziotti, David A},
title = {{Quantum-classical hybrid algorithm using an error-mitigating $N$-representability condition to compute the Mott metal-insulator transition}},
journal = {Phys. Rev. A},
year = {2019},
volume = {100},
number = {2},
pages = {022517},
month = aug
}

@article{Ouyang:2019vr,
author = {Ouyang, Yingkai and White, David R and Campbell, Earl},
title = {{Compilation by stochastic Hamiltonian sparsification}},
journal = {arXiv e-prints},
year = {2019},
pages = {arXiv:1910.06255 [quant--ph]},
month = oct,
annote = {12 pages, 1 figure, 1 algorithm}
}

@article{Low:2019kr,
author = {Low, Guang Hao and Chuang, Isaac L. },
title = {{Hamiltonian simulation by qubitization}},
journal = {Quantum},
year = {2019},
volume = {3},
pages = {163},
month = jul,
annote = {23 pages, 1 figure; v2: updated notation; v3: accepted version}
}

@article{Parrish:2019vz,
author = {Parrish, Robert M and Hohenstein, Edward G and McMahon, Peter L and Martinez, Todd J},
title = {{Hybrid Quantum-Classical 
Derivative Theory: Analytical Gradients and Excited-State Dynamics for the Multistate Contracted Variational Quantum Eigensolver 
}},
journal = {arXiv e-prints},
year = {2019},
pages = {arXiv:1906.08728 [quant--ph]},
month = jun
}

@article{Glasser:2018bk,
author = {Glasser, Ivan and Pancotti, Nicola and August, Moritz and Rodriguez, Ivan D and Cirac, J Ignacio},
title = {{Neural-Network Quantum States, String-Bond States, and Chiral Topological States}},
journal = {Phys. Rev. X},
year = {2018},
volume = {8},
number = {1},
pages = {011006},
month = jan
}

@article{Salis:2019vr,
author = {Salis, Gian and Moll, Nikolaj},
title = {{Short-depth trial-wavefunctions for the variational quantum eigensolver based on the problem Hamiltonian}},
journal = {arXiv e-prints},
year = {2019},
pages = {arXiv:1908.09533 [quant--ph]},
month = aug
}

@article{Ge:2019il,
author = {Ge, Yimin and Tura, Jordi and Cirac, J Ignacio},
title = {{Faster ground state preparation and high-precision ground energy estimation with fewer qubits}},
journal = {J. Math. Phys.},
year = {2019},
volume = {60},
number = {2},
pages = {022202--26}
}

@article{Motta:2019bu,
author = {Motta, Mario and Sun, Chong and Tan, Adrian T K and J O'Rourke, Matthew and Ye, Erika and Minnich, Austin J and Brandao, Fernando G S L and Chan, Garnet Kin-Lic},
title = {{Determining eigenstates and thermal states on a quantum computer using quantum imaginary time evolution}},
journal = {Nat. Phys.},
year = {2019},
volume = {21},
pages = {1--6},
month = nov,
annote = {QITE+QLanczos}
}

@article{McArdle:2019we,
author = {McArdle, Sam and Endo, Suguru and Aspuru-Guzik, Alan and Yuan, Xiao and Benjamin, Simon C},
title = {{Quantum computational chemistry}},
journal = {arXiv e-prints},
year = {2019},
pages = {arXiv:1808.10402v2 [quant--ph]}
}

@article{Wen:1995fg,
author = {Wen, Xiao-Gang},
title = {{Topological orders and Edge excitations in FQH states}},
journal = {arXiv},
year = {1995},
eprint = {cond-mat/9506066v2},
eprinttype = {arxiv},
eprintclass = {cond-mat},
number = {5},
pages = {405--473},
month = jun,
annote = {67 pages, plain-tex, 3 figures. The section about spin vector was rewritten to make it more readable}
}

@article{Chiaro:2019wx,
author = {Chiaro, B and Neill, C and Bohrdt, A and Filippone, M and Arute, F and Arya, K and Babbush, R and Bacon, D and Bardin, J and Barends, R and Boixo, S and Buell, D and Burkett, B and Chen, Y and Chen, Z and Collins, R and Dunsworth, A and Farhi, E and Fowler, A and Foxen, B and Gidney, C and Giustina, M and Harrigan, M and Huang, T and Isakov, S and Jeffrey, E and Jiang, Z and Kafri, D and Kechedzhi, K and Kelly, J and Klimov, P and Korotkov, A and Kostritsa, F and Landhuis, D and Lucero, E and McClean, J and Mi, X and Megrant, A and Mohseni, M and Mutus, J and McEwen, M and Naaman, O and Neeley, M and Niu, M and Petukhov, A and Quintana, C and Rubin, N and Sank, D and Satzinger, K and Vainsencher, A and White, T and Yao, Z and Yeh, P and Zalcman, A and Smelyanskiy, V and Neven, H and Gopalakrishnan, S and Abanin, D and Knap, M and Martinis, J and Roushan, P},
title = {{Growth and preservation of entanglement in a many-body localized system}},
journal = {arXiv e-prints},
year = {2019},
pages = {arXiv:1910.06024 [cond--mat.dis--nn]},
month = oct,
annote = {5+25 pages, 5+20 figures}
}

@article{Mazzola:2019df,
author = {Mazzola, Guglielmo and Ollitrault, Pauline J and Barkoutsos, Panagiotis Kl and Tavernelli, Ivano},
title = {{Nonunitary Operations for Ground-State Calculations in Near-Term Quantum Computers}},
journal = {Phys. Rev. Lett.},
year = {2019},
volume = {123},
number = {13},
pages = {130501},
month = sep
}

@article{Arute:2019fg,
author = {Arute, Frank and Arya, Kunal and Babbush, Ryan and Bacon, Dave and Bardin, Joseph C and Barends, Rami and Biswas, Rupak and Boixo, Sergio and Brandao, Fernando G S L and Buell, David A and Burkett, Brian and Chen, Yu and Chen, Zijun and Chiaro, Ben and Collins, Roberto and Courtney, William and Dunsworth, Andrew and Farhi, Edward and Foxen, Brooks and Fowler, Austin and Gidney, Craig and Giustina, Marissa and Graff, Rob and Guerin, Keith and Habegger, Steve and Harrigan, Matthew P and Hartmann, Michael J and Ho, Alan and Hoffmann, Markus and Huang, Trent and Humble, Travis S and Isakov, Sergei V and Jeffrey, Evan and Jiang, Zhang and Kafri, Dvir and Kechedzhi, Kostyantyn and Kelly, Julian and Klimov, Paul V and Knysh, Sergey and Korotkov, Alexander and Kostritsa, Fedor and Landhuis, David and Lindmark, Mike and Lucero, Erik and Lyakh, Dmitry and Mandr{\`a}, Salvatore and McClean, Jarrod R and McEwen, Matthew and Megrant, Anthony and Mi, Xiao and Michielsen, Kristel and Mohseni, Masoud and Mutus, Josh and Naaman, Ofer and Neeley, Matthew and Neill, Charles and Niu, Murphy Yuezhen and Ostby, Eric and Petukhov, Andre and Platt, John C and Quintana, Chris and Rieffel, Eleanor G and Roushan, Pedram and Rubin, Nicholas C and Sank, Daniel and Satzinger, Kevin J and Smelyanskiy, Vadim and Sung, Kevin J and Trevithick, Matthew D and Vainsencher, Amit and Villalonga, Benjamin and White, Theodore and Yao, Z Jamie and Yeh, Ping and Zalcman, Adam and Neven, Hartmut and Martinis, John M},
title = {{Quantum supremacy using a programmable superconducting processor.}},
journal = {Nature},
year = {2019},
volume = {574},
number = {7779},
pages = {505--510},
month = oct
}

@article{Neuhauser:1994jp,
author = {Neuhauser, Daniel},
title = {{Circumventing the Heisenberg principle: A rigorous demonstration of filter-diagonalization on a LiCN model}},
journal = {J. Chem. Phys.},
year = {1994},
volume = {100},
number = {7},
pages = {5076--5079},
month = apr,
annote = {classical Filter diagonalization}
}

@article{Setia:2019uz,
author = {Setia, Kanav and Chen, Richard and Rice, Julia E and Mezzacapo, Antonio and Pistoia, Marco and Whitfield, James},
title = {{Reducing qubit requirements for quantum simulation using molecular point group symmetries}},
journal = {arXiv e-prints},
year = {2019},
pages = {arXiv--1910.14644 [quant--ph]},
month = oct
}

@article{Jain:1990dm,
author = {Jain, J K},
title = {{Theory of the fractional quantum Hall effect}},
journal = {Phys. Rev. B},
year = {1990},
volume = {41},
number = {11},
pages = {7653--7665},
month = apr
}

@incollection{hatano2005finding,
author = {Hatano, Naomichi and Suzuki, Masuo},
title = {{Finding Exponential Product Formulas of Higher Orders }},
booktitle = {Quantum Annealing and Other Optimization Methods},
year = {2005},
pages = {37--68},
publisher = {Springer},
address = {Berlin, Heidelberg}
}

@article{Ryabinkin:2018tv,
author = {Ryabinkin, Ilya G and Genin, Scott N and Izmayloy, Artur F},
title = {{Constrained Variational Quantum Eigensolver: Quantum Computer Search Engine in the Fock Space}},
journal = {J. Chem. Theory Comput.},
year = {2019},
volume = {15},
number = {1},
pages = {249--255},
month = jan
}

@article{Sim:2019ux,
author = {Sim, Sukin and Johnson, Peter D and Aspuru-Guzik, Alan},
title = {{Expressibility and entangling capability of parameterized quantum circuits for hybrid quantum-classical algorithms}},
journal = {arXiv e-prints},
year = {2019},
pages = {arXiv:1905.10876 [quant--ph]},
month = may
}

@article{Jouzdani:2019tp,
author = {Jouzdani, P and Kostuk, M and Bringuier, Stefan},
title = {{A Method of Determining Excited-States for Quantum Computation}},
journal = {arXiv e-prints},
year = {2019},
pages = {arXiv:1908.05238 [quant--ph]},
month = aug
}

@article{Suzuki:2020ts,
author = {Suzuki, Yohichi and Uno, Shumpei and Raymond, Rudy and Tanaka, Tomoki and Onodera, Tamiya and Yamamoto, Naoki},
title = {{Amplitude Estimation without Phase Estimation}},
journal = {Quantum Inf. Process.},
year = {2020},
volume = {19},
number = {2},
pages = {75},
annote = {"amplitude estimation without phase estimation, in which is was shown that the PEA portions of a Grover-type amplitude estimation algorithm could be largely replaced by a larger set of quantum measurements performed over a variety of quantum circuits."

VQE also use large no of measurements to lower the requirement of coherence time
}
}

@article{Tang:2019ug,
author = {Tang, Ho Lun and Barnes, Edwin and Grimsley, Harper R and Mayhall, Nicholas J and Economou, Sophia E},
title = {{qubit-ADAPT-VQE: An adaptive algorithm for constructing hardware-efficient ansatze on a quantum processor}},
journal = {arXiv e-prints},
year = {2019},
pages = {arXiv:1911.10205 [quant--ph]}
}

@article{Somma:2002jo,
author = {Somma, Rolando D and Ortiz, Gerardo and Laflamme, R and Gubernatis, James E and Knill, Emanuel},
title = {{Simulating Physical Phenomena by Quantum Networks}},
journal = {Phys. Rev. A},
year = {2002},
volume = {65},
pages = {042323},
month = apr,
annote = {"taking the discrete Fourier transform of observables evaluated over a regularly-spaced time propagation grid.

but this method only works well when there are a small number of distinct and well-separated eigenvalues." (?not good for nearly degenerate states calculations)}
}

@article{Kuhn:2019bw,
author = {K{\"u}hn, Michael and Zanker, Sebastian and Deglmann, Peter and Marthaler, Michael and Wei{\ss}, Horst},
title = {{Accuracy and Resource Estimations for Quantum Chemistry on a Near-Term Quantum Computer}},
journal = {J. Chem. Theory Comput.},
year = {2019},
volume = {15},
number = {9},
pages = {1--17},
month = aug
}

@article{Larsen:2019gg,
author = {Larsen, Mikkel V and Guo, Xueshi and Breum, Casper R and Neergaard-Nielsen, Jonas S and Andersen, Ulrik L},
title = {{Deterministic generation of a two-dimensional cluster state.}},
journal = {Science},
year = {2019},
volume = {366},
number = {6463},
pages = {369--372},
month = oct
}

@article{McClean:2013kk,
author = {McClean, J R and Parkhill, J A and Aspuru-Guzik, A},
title = {{Feynman's clock, a new variational principle, and parallel-in-time quantum dynamics}},
journal = {Proc. Natl. Acad. Sci. U.S.A.},
year = {2013},
volume = {110},
number = {41},
pages = {3901--3909}
}

@article{McClean:2019tj,
author = {McClean, Jarrod R and Jiang, Zhang and Rubin, Nicholas C and Babbush, Ryan and Neven, Hartmut},
title = {{Decoding Quantum Errors with Subspace Expansions}},
journal = {arXiv e-prints},
year = {2019},
pages = {arXiv:1903.05786 [quant--ph]},
month = mar,
annote = {QSE}
}

@article{Bauman:2019dx,
author = {Bauman, Nicholas P and Bylaska, Eric J and Krishnamoorthy, Sriram and Low, Guang Hao and Wiebe, Nathan and Granade, Christopher E and Roetteler, Martin and Troyer, Matthias and Kowalski, Karol},
title = {{Downfolding of many-body Hamiltonians using active-space models: Extension of the sub-system embedding sub-algebras approach to unitary coupled cluster formalisms}},
journal = {J. Chem. Phys.},
year = {2019},
volume = {151},
number = {1}
}

@article{Li:2017gm,
author = {Li, Ying and Benjamin, Simon C},
title = {{Efficient Variational Quantum Simulator Incorporating Active Error Minimization}},
journal = {Phys. Rev. X},
year = {2017},
volume = {7},
number = {2},
pages = {361--14},
month = jun,
annote = {Error Extrapolation paper (PRX version, NO SI)}
}

@article{Gu:2019tn,
author = {Gu, Yingfei and Qi, Xiao-Liang},
title = {{Majorana fermions and the Sensitivity Conjecture}},
journal = {arXiv},
year = {2019},
eprint = {1908.06322v1},
eprinttype = {arxiv},
eprintclass = {cond-mat.stat-mech},
month = aug,
annote = {13 pages, 7 figures}
}

@article{Laughlin:2000br,
author = {Laughlin, R B and Pines, D},
title = {{The theory of everything.}},
journal = {Proc. Natl. Acad. Sci. U.S.A.},
year = {2000},
volume = {97},
number = {1},
pages = {28--31},
month = jan
}

@article{Dawson:2007co,
author = {Dawson, Christopher M and Eisert, Jens and Osborne, Tobias J},
title = {{Unifying variational methods for simulating quantum many-body systems}},
journal = {Phys. Rev. Lett.},
year = {2008},
volume = {100},
pages = {130501},
month = mar
}

@article{Taube:2006bi,
author = {Taube, Andrew G and Bartlett, Rodney J},
title = {{New perspectives on unitary coupled-cluster theory}},
journal = {Int. J. Quantum Chem.},
year = {2006},
volume = {106},
number = {15},
pages = {3393--3401},
month = jan
}

@article{Tsuchimochi:2019uf,
author = {Tsuchimochi, Takashi and Ten-no, Seiichiro Lenka},
title = {{Second-order perturbation theory with spin-symmetry projected Hartree-Fock}},
journal = {J. Chem. Theory Comput.},
year = {2019},
volume = {15},
number = {12},
pages = {6688--6702},
annote = {15 pages, 8 figures, 5 tables}
}

@article{Shirley:2018jy,
author = {Shirley, Wilbur and Slagle, Kevin and Wang, Zhenghan and Chen, Xie},
title = {{Fracton Models on General Three-Dimensional Manifolds}},
journal = {Phys. Rev. X},
year = {2018},
volume = {8},
number = {3},
pages = {031051},
month = aug
}

@article{Yanai:2012cj,
author = {Yanai, Takeshi and Shiozaki, Toru},
title = {{Canonical transcorrelated theory with projected Slater-type geminals}},
journal = {J. Chem. Phys.},
year = {2012},
volume = {136},
number = {8},
pages = {084107--10},
month = feb,
annote = {about F12 (shared on slack by Frnacesco)}
}

@article{Parrish:2019bw,
author = {Parrish, Robert M and Hohenstein, Edward G and McMahon, Peter L and Martinez, Todd J},
title = {{Quantum Computation of Electronic Transitions Using a Variational Quantum Eigensolver}},
journal = {Phys. Rev. Lett.},
year = {2019},
volume = {122},
number = {23},
pages = {230401},
month = jun
}

@article{McClean:2015bs,
author = {McClean, Jarrod R and Romero, Jonathan and Babbush, Ryan and Aspuru-Guzik, Alan},
title = {{The theory of variational hybrid quantum-classical algorithms}},
journal = {New J. Phys.},
year = {2016},
volume = {18},
number = {2},
pages = {023023},
month = feb
}

@article{M:2019hw,
author = {Ganzhorn, M. and Egger, D. J. and Barkoutsos, P. and Ollitrault, P. and Salis, G. and Salis, N. and Roth, M. and Fuhrer, A. and Mueller, P. and Woerner, S. and Tavernelli, I. and Filipp, S},
title = {{Gate-Efficient Simulation of Molecular Eigenstates on a Quantum Computer}},
journal = {Phys. Rev. Appl.},
year = {2019},
volume = {11},
pages = {044092}
}

@article{Choo:2019td,
author = {Choo, Kenny and Mezzacapo, Antonio and Carleo, Giuseppe},
title = {{Fermionic neural-network states for ab-initio electronic structure}},
journal = {arXiv e-prints},
year = {2019},
pages = {arXiv:1909.12852 [physics.comp--ph]},
month = sep
}

@article{Ryabinkin:2019vh,
author = {Ryabinkin, Ilya G and Genin, Scott N},
title = {{Iterative Qubit Coupled Cluster method: A systematic approach to the full-CI limit in quantum chemistry calculations on NISQ devices}},
journal = {arXiv e-prints},
year = {2019},
pages = {arXiv:1906.11192 [quant--ph]}
}

@article{Higgott:2018fca,
author = {Higgott, Oscar and Wang, Daochen and Brierley, Stephen},
title = {{Variational quantum computation of excited states}},
journal = {Quantum},
year = {2019},
volume = {3},
pages = {156},
month = jul
}

@article{Hempel:2018to,
author = {Hempel, Cornelius and Maier, Christine and Romero, Jonathan and Monz, Thomas and Shen, Heng and Jurcevic, Petar and Lanyon, Ben P and Babbush, Ryan and Aspuru-Guzik, Alan and Blatt, Rainer and Roos, Christian F and Love, Peter J and McClean, Jarrod R},
title = {{Quantum Chemistry Calculations on a Trapped-Ion Quantum Simulator}},
journal = {Phys. Rev. X},
year = {2018},
volume = {8},
number = {3},
pages = {1},
month = jul
}

@article{Bravyi2002,
author = {Bravyi, Sergey B and Kitaev, Alexei Yu},
title = {{Fermionic Quantum Computation}},
journal = {Ann. of Phys.},
year = {2002},
volume = {298},
number = {1},
pages = {210--226}
}

@article{Otten:2019vr,
author = {Otten, Matthew and Cortes, Cristian L and Gray, Stephen K},
title = {{Noise-Resilient Quantum Dynamics Using Symmetry-Preserving Ansatzes}},
journal = {arXiv e-prints},
year = {2019},
pages = {arXiv:1910.06284 [quant--ph]},
month = oct
}

@article{Motta:2018vq,
author = {Motta, Mario and Ye, Erika and McClean, Jarrod R and Li, Zhendong and Minnich, Austin J and Babbush, Ryan and Chan, Garnet Kin-Lic},
title = {{Low rank representations for quantum simulation of electronic structure}},
journal = {arXiv e-prints},
year = {2018},
pages = {arXiv:1808.02625 [physics.comp--ph]},
month = aug,
annote = {8 pages, 4 figures}
}

@article{Asavanant:2019iw,
author = {Asavanant, Warit and Shiozawa, Yu and Yokoyama, Shota and Charoensombutamon, Baramee and Emura, Hiroki and Alexander, Rafael N and Takeda, Shuntaro and Yoshikawa, Jun-Ichi and Menicucci, Nicolas C and Yonezawa, Hidehiro and Furusawa, Akira},
title = {{Generation of time-domain-multiplexed two-dimensional cluster state.}},
journal = {Science},
year = {2019},
volume = {366},
number = {6463},
pages = {373--376},
month = oct
}

@article{Seeley:2012em,
author = {Seeley, Jacob T and Richard, Martin J and Love, Peter J},
title = {{The Bravyi-Kitaev transformation for quantum computation of electronic structure}},
journal = {J. Chem. Phys.},
year = {2012},
volume = {137},
number = {22},
pages = {224109},
month = dec,
annote = {rtnotes Ref1:
  - exponential of Pauli string}
}

@article{Trotter:1959wh,
author = {Trotter, Hale Freeman},
title = {{On the product of semi-groups of operators}},
journal = {Proc. Amer. Math. Soc.},
year = {1959},
volume = {10},
number = {4},
pages = {545--545},
month = apr
}

@article{Georgescu:2014bg,
author = {Georgescu, I M and Ashhab, S and Nori, Franco},
title = {{Quantum simulation}},
journal = {Rev. Mod. Phys.},
year = {2014},
volume = {86},
number = {1},
pages = {153--185},
month = mar
}

@article{Huggins:2019uu,
author = {Huggins, William J and McClean, Jarrod and Rubin, Nicholas and Jiang, Zhang and Wiebe, Nathan and Whaley, K Birgitta and Babbush, Ryan},
title = {{Efficient and Noise Resilient Measurements for Quantum Chemistry on Near-Term Quantum Computers}},
journal = {arXiv e-prints},
year = {2019},
pages = {arXiv:1907.13117 [quant--ph]},
annote = {recommended by Mayhall}
}

@article{Rattew:2019wv,
author = {Rattew, Arthur G and Hu, Shaohan and Pistoia, Marco and Chen, Richard and Wood, Steve},
title = {{A Domain-agnostic, Noise-resistant Evolutionary Variational Quantum Eigensolver for Hardware-efficient Optimization in the Hilbert Space}},
journal = {arXiv e-prints},
year = {2019},
pages = {arXiv:1910.09694 [quant--ph]},
month = oct,
annote = {13 pages, 9 figures}
}

@article{Endo:2018fo,
author = {Endo, Suguru and Benjamin, Simon C and Li, Ying},
title = {{Practical Quantum Error Mitigation for Near-Future Applications}},
journal = {Phys. Rev. X},
year = {2018},
volume = {8},
number = {3}
}

@article{Tubman:2018wz,
author = {Tubman, Norm M and Mejuto-Zaera, Carlos and Epstein, Jeffrey M and Hait, Diptarka and Levine, Daniel S and Huggins, William and Jiang, Zhang and McClean, Jarrod R and Babbush, Ryan and Head-Gordon, Martin and Whaley, K Birgitta},
title = {{Postponing the orthogonality catastrophe: efficient state preparation for electronic structure simulations on quantum devices}},
journal = {arXiv e-prints},
year = {2018},
pages = {arXiv:1809.05523 [quant--ph]},
month = sep,
annote = {prepare multi-determiant states:

one ancilla qubit and O(nL) one- or two-qubit gates, where n is the number of qubits and L the number of determinants}
}

@article{Wecker:2015da,
author = {Wecker, Dave and Hastings, Matthew B and Troyer, Matthias},
title = {{Progress towards practical quantum variational algorithms}},
journal = {Phys. Rev. A},
year = {2015},
volume = {92},
number = {4},
pages = {1--10},
month = oct,
annote = {Hamiltonian variational ansatz (Trotterized adiabatic state preparation (TASP) ansatz); variationally optimise the Trotter evolution times to create a variational ansatz for the ground state. 
{\#}parameters scales linearly with the {\#}Trotter-steps}
}

@article{Yang:2019ug,
author = {Yang, Jun and Brown, James and Whitfield, James Daniel},
title = {{Measurement on quantum devices with applications to TD-DFT}},
journal = {arXiv e-prints},
year = {2019},
pages = {arXiv:1909.03078 [quant--ph]},
month = sep,
annote = {6 pages, 5 figures}
}

@article{Rieffel:2019tz,
author = {Rieffel, Eleanor G and Hadfield, Stuart and Hogg, Tad and Mandr{\`a}, Salvatore and Marshall, Jeffrey and Mossi, Gianni and O'Gorman, Bryan and Plamadeala, Eugeniu and Tubman, Norm M and Venturelli, Davide and Vinci, Walter and Wang, Zhihui and Wilson, Max and Wudarski, Filip and Biswas, Rupak},
title = {{From Ans\"atze to Z-gates: a NASA View of Quantum Computing}},
journal = {arXiv e-prints},
year = {2019},
pages = {arXiv:1905.02860 [quant--ph]}
}

@article{Babbush:2019eh,
author = {Babbush, Ryan and Berry, Dominic W and Neven, Hartmut},
title = {{Quantum simulation of the Sachdev-Ye-Kitaev model by asymmetric qubitization}},
journal = {Phys. Rev. A},
year = {2019},
volume = {99},
pages = {040301}
}

